2802 4724
547 337 794 434 *36¹⁸*

144 531 262 622 primus
276 539 447 622 usurpavit)
484 536 533 602 vel
555 539 726 621 elegantius
749 539 798 603 vel
820 537 921 620 paullo
947 537 1108 608 audentius
1129 543 1242 607 mansi

136 649 217 717 latae
238 655 290 713 aut
311 649 370 716 eliu
387 648 507 714 ratione
527 647 686 714 notatione
710 649 833 733 dignae,
857 666 952 730 quare
972 650 1070 726 ιέξιις
1089 650 1235 731 posuisse

134 760 255 836 uidetur
283 777 339 841 pro
362 760 460 834 λέξεις
486 758 698 842 πεποιημένας
730 765 782 822 aut
804 757 1079 843 ἐσχηματισμένος
1100 766 1131 826 et
1152 757 1235 843 οχὴ.

132 893 220 950 ματα
242 870 383 944 ,tortasse
409 874 501 938 vocat
531 865 586 940 τὰς
617 869 671 948 τῆς
704 866 845 942 διανοίας
870 868 984 954 figuras
1014 870 1079 932 κοτ’
1108 866 1234 954 ἐξοχὴν.

135 977 247 1047 Gracci
269 978 451 1060 interpretes
480 981 604 1043 utuntur
624 977 728 1042 verbis
751 973 804 1040 ded
828 976 863 1040 ed
885 1001 907 1060 χ
931 995 1021 1060 quum
1045 979 1158 1060 aliquid
1180 997 1236 1044 re-

134 1088 403 1169 prehendentem
424 1085 582 1150 cuiusdam
601 1086 691 1158 uocis
711 1105 767 1150 seu
789 1086 954 1151 locutionis
975 1089 1111 1152 novitate
1133 1094 1164 1152 et
1183 1090 1235 1152 in-

137 1197 268 1262 solentia
299 1195 503 1262 offenduntur.
548 1196 603 1260 Est
631 1195 724 1281 igitur
754 1197 897 1277 χιασμοϋ
929 1204 958 1259 et
991 1196 1142 1280 deculpati
1171 1198 1236 1263 loci

139 1313 242 1372 ιιοιο.α
285 1305 334 1369 nt
357 1305 417 1370 iroc
438 1304 569 1387 simplici
589 1328 612 1385 χ
639 1311 783 1372 accurate
802 1330 825 1386 χ
848 1309 1103 1390 περιεστιγμένον
1125 1325 1235 1372 secer-

135 1416 180 1480 nit
201 1415 291 1498 Diog.
314 1417 413 1508 Laeti.
434 1414 454 1478 l.
474 1414 511 1478 L:
543 1439 598 1496 .χ.
625 1417 880 1496 περιεστιγμένον
908 1412 989 1498 πρὸς
1021 1412 1076 1490 τὰς
1104 1413 1235 1497 ἐνλογᾰς

136 1527 191 1592 καὶ
211 1526 443 1609 καλλιγραφίας
466 1524 506 1589 ci.
520 1525 642 1610 Menag.
664 1525 703 1588 ad
724 1525 753 1593 h.
768 1525 787 1588 l.
802 1524 883 1590 Bast.
904 1544 1014 1590 comm.
1036 1528 1095 1608 pul.
1117 1545 1146 1609 p.
1159 1527 1234 1609 849,

135 1635 174 1708 de
196 1653 256 1716 quo
276 1634 336 1698 hoo
357 1634 427 1698 loco
448 1651 512 1698 non
535 1635 642 1700 attinet
664 1635 820 1716 copiosius
846 1628 1011 1718 disputare.

575 1919 793 1932 W

546 2145 735 2213 carun
764 2147 820 2208 v.
855 2235 858 2244 Ι

205 2319 246 2388 ia
267 2320 367 2387 redas
388 2319 562 2386 historicis
582 2318 833 2402 pertractandis
854 2317 932 2404 auid
952 2321 1170 2402 praestiterit.

621 2511 747 2524 0—-

235 2624 425 2712 Pergcndum
454 2644 536 2691 nunc
565 2632 613 2690 est
640 2625 678 2692 ad
712 2644 765 2692 eas
794 2624 965 2689 Aristarchi
999 2625 1237 2690 observationes

138 2756 215 2821 quae
238 2737 288 2801 vel
314 2737 352 2801 ad
383 2753 531 2818 personas
560 2756 577 2800 a
607 2743 696 2817 poeta
725 2736 896 2820 exagitatas
929 2727 1103 2818 pertinent,
1132 2734 1182 2800 rei
1203 2737 1236 2799 in

137 2846 294 2928 temporis,
315 2863 374 2927 quo
399 2846 497 2924 docta¹
513 2851 595 2909 esset
615 2845 776 2909 comoedia
799 2845 899 2926 aliqua
917 2845 1099 2909 conditione·
1115 2843 1237 2909 descri-

136 2955 237 3020 benda
257 2962 440 3035 versantur,
463 2973 588 3036 quarum
611 2955 748 3036 exempla
776 2972 865 3036 (suum
894 2973 991 3035 pauca
1015 2960 1085 3019 sunt
1106 2970 1234 3016 numero

136 3071 258 3129 servata
279 3071 341 3128 tum
366 3081 428 3127 non
456 3063 618 3128 admodum
650 3063 781 3127 feliciter
808 3065 838 3126 in
859 3064 919 3128 hoc
943 3065 1154 3146 quaestionum
1176 3081 1237 3146 ge-

17 3170 19 3173 ’
138 3190 213 3238 nere
232 3174 270 3238 ad
296 3174 477 3237 comoediae
498 3173 778 3252 interpretationem
799 3173 1049 3256 grauissimarmn
1072 3182 1236 3238 eum'ver-
1335 3200 1341 3206 ·

137 3289 235 3348 sutrim
259 3301 329 3348 esse
353 3283 570 3348 demonstrant.
614 3283 660 3348 De
682 3283 791 3365 quibus
817 3283 976 3347 erroribus
997 3283 1129 3363 iniquius
1151 3282 1235 3346 iudi-

138 3411 241 3460 cemus
264 3411 302 3459 co
324 3399 459 3473 cavetur,
477 3393 663 3475 quodetiam
684 3393 873 3458 clarissimos
891 3393 1108 3476 grammaticos
1129 3409 1235 3474 parum

138 3505 280 3568 curiosos
302 3503 412 3568 talibus
432 3503 464 3566 in
484 3503 576 3568 rebus
604 3510 633 3566 et
653 3504 692 3568 ad
717 3502 1138 3584 verborumexplicatiouern
1160 3520 1236 3568 sen·

138 3611 360 3695 tentiarumque
382 3631 554 3677 connexum
577 3613 822 3696 perspiciendum
845 3611 936 3677 unice
958 3619 1090 3678 attentos
1112 3611 1244 3698 gravis-³

137 3725 215 3789 sima
238 3727 366 3806 peccata
396 3700 587 3788 commisisse
609 3724 769 3804 videmus,
795 3724 902 3805 quibus
932 3742 994 3789 non
1024 3743 1096 3789 raro
1123 3707 1237 3788 accidit

136 3841 169 3897 ut
190 3833 449 3916 interpretationis
475 3835 617 3915 speciose
648 3833 843 3917 excogitatae
874 3833 964 3898 nimis
986 3833 1088 3917 cupidi
1114 3840 1238 3918 tempo-

138 3961 205 4008 rum
225 3943 361 4007 rationes
384 3961 455 4006 num
478 3949 546 4024 apte
567 3961 635 4008 curn
666 3962 708 4009 ea.
735 3942 936 4008 convenirent
958 3939 1064 4026 parum
1085 3935 1241 4025 saepenu-

84 4071 85 4074 ’
139 4069 224 4118 mero
246 4059 398 4118 curarent.
442 4054 582 4133 Accedit,
604 4053 686 4136 quod
706 4071 828 4134 semper
854 4054 884 4116 in
905 4054 1082 4118 memoriam
1102 4053 1162 4117 siti
1186 4071 1240 4118 re·-

138 4181 253 4228 uocare
283 4163 394 4245 debet,
426 4163 477 4246 qui
498 4183 537 4229 ex
558 4163 665 4246 paucis
696 4163 841 4245 undique*
863 4163 1001 4229 collectis
1031 4163 1238 4246 amplissimae

26 4357 32 4368 Ι
138 4273 299 4345 doetrinae
319 4273 456 4342 frustulis
480 4275 574 4360 ipsius
597 4274 729 4341 hominis
750 4273 915 4360 imaginem
940 4273 998 4344 sibi
1020 4281 1239 4346 reconstruere
