2802 4724
596 343 843 435 ...p5..

273 535 323 608 Ad
346 549 442 609 artem
462 545 620 610 metricam
635 545 850 627 Aristophanis
870 541 1078 610 illustrandam
1101 537 1172 626 quid
1189 559 1270 610 con-

89 658 92 664 '
170 651 272 716 tulerit
284 653 481 726 Aristarchus
494 671 556 717 uno
570 661 684 719 tantum
699 660 818 719 constat
839 652 994 718 luculento
1016 653 1166 736 exemplo,
1185 653 1267 735 quod

171 767 272 827 tamen
295 763 402 828 turbae
431 763 549 828 scholia
571 764 733 847 ingressae
754 765 806 827 diu
827 764 1051 842 obscurarunt,
1074 781 1149 844 quas
1168 763 1269 826 britu-

171 873 249 937 schii
272 874 427 956 sagacitas
452 874 630 952 felicissime
654 874 794 938 dissolvit
822 881 855 937 ut
876 872 1097 956 perspiciatur,
1124 871 1215 936 etiarn
1236 871 1268 936 in

174 981 234 1046 hoc
257 983 426 1048 studiorum
448 1003 565 1066 genera
592 984 723 1067 gloriam
755 983 877 1048 aliunde
899 990 1104 1066 comparatam
1128 983 1269 1049 Aristar-

171 1091 259 1156 chum
282 1093 369 1156 lueri.
402 1094 449 1156 Ex
471 1093 590 1176 vulgari
612 1094 692 1158 enirn
714 1093 811 1156 schol.
834 1095 910 1158 Ran.
933 1089 997 1156 354
1017 1093 1268 1174 interpretatione

169 1202 366 1266 Aristarchus
384 1221 508 1266 carmen
532 1203 605 1266 illud
630 1203 833 1284 anapaesticis
857 1202 1039 1266 tetrametris
1061 1203 1267 1284 couscriptum

170 1329 232 1374 non
248 1312 299 1375 uni
315 1311 535 1393 hierophantae
548 1312 742 1376 tribuendum
758 1311 814 1376 sed
836 1312 916 1375 inter
934 1311 1071 1394 singulas
1093 1311 1180 1376 chori
1192 1330 1267 1394 per-

171 1438 263 1484 sonas
288 1421 529 1486 distribuendum
560 1441 630 1486 essa
660 1422 772 1486 statuit.
818 1420 906 1510 Quod
933 1427 1136 1485 commentum
1156 1422 1266 1487 merito

174 1530 308 1612 explodit
331 1530 515 1595 Fritzschius
535 1531 573 1594 da
597 1550 690 1595 carm.
712 1530 868 1611 Aristoph.
892 1537 980 1612 myst.
1003 1549 1033 1612 p.
1055 1529 1095 1594 50
1114 1549 1160 1612 sq.
1205 1531 1264 1596 Sed
1355 1529 1356 1534 ’

171 1639 252 1703 idern
275 1639 354 1704 banc
378 1640 579 1705 certissimam
604 1640 753 1704 medelam
777 1648 903 1716 (comm.
926 1639 1191 1721 inRan.p.188)
1215 1641 1266 1703 in·

169 1749 273 1828 venit,
302 1748 362 1812 hoc
389 1749 539 1814 scholium
568 1749 647 1813 lalso
672 1749 712 1812 ad
739 1767 767 1811 v.
790 1747 854 1812 384
874 1748 1002 1812 relatum
1030 1749 1131 1830 potius
1152 1769 1181 1814 v.
1204 1751 1265 1815 372

171 1859 251 1924 hunc
272 1859 304 1921 in
325 1860 447 1924 modum
464 1859 699 1924 adscribendum
722 1877 809 1922 esse:
830 1858 953 1940 χώρεοε
973 1853 1186 1943 Ἀρίσταρχος
1207 1859 1268 1924 dud

170 1964 282 2032 τούτου
315 1968 397 2050 λέγει
428 1964 483 2032 τόν
509 1965 606 2051 χορὸν
633 1969 824 2050 μεμερίσθαι
858 1969 903 2041 εἰς
926 1962 1042 2049 μερικά
1076 1965 1265 2053 ἀνάπαιστα,

171 2073 239 2138 dtt’
260 2071 343 2156 ἔμβα
366 2085 427 2157 (sc.
452 2075 530 2154 377)
553 2077 624 2140 ἀλλ’
654 2073 846 2154 ducebantur
878 2073 930 2137 τὸν
953 2077 1057 2158 ἕτερον
1080 2077 1188 2159 χορόν.
1211 2082 1267 2143 καί

168 2185 201 2247 τί
220 2175 283 2268 ἄρα
312 2184 492 2248 corridenti
524 2185 749 2267 Ἀρίσταρχοςς
783 2180 916 2247 δύναται
939 2184 975 2247 δὲ
996 2188 1051 2248 καί
1070 2189 1102 2248 ἓν
1128 2183 1265 2270 σύζυγον

169 2285 251 2356 εἶναι
277 2290 311 2356 τὸ
337 2290 503 2375 λεγόμενον
524 2304 584 2370 (sc.
600 2293 804 2372 v.379-81)
828 2296 991 2374 πολλαχοῦ
1012 2294 1048 2358 δὲ
1068 2297 1263 2378 μεμερίσθαι

169 2402 224 2462 καί
244 2400 288 2473 εἰς
318 2398 461 2482 διχοριὰν
485 2400 518 2465 τὸ
543 2400 654 2466 λοιπὸν
676 2409 737 2480 (sc.
762 2401 874 2466 iudea
897 2420 989 2466 versu
1014 2403 1092 2482 384)
1115 2399 1196 2469 (ὅστε
1218 2409 1264 2482 εἰς

169 2500 291 2572 dor‘drxa
313 2509 367 2571 καί
388 2504 511 2572 δώδεκα
533 2511 782 2593 διαμεμερίσθαι
812 2513 915 2594 ltaque
930 2519 1015 2576 recte
1036 2513 1174 2579 indicare
1187 2515 1264 2578 Ari-

168 2617 321 2682 starchum
342 2638 371 2681 v.
384 2618 445 2682 372
459 2637 505 2700 sq.
530 2636 591 2682 non
616 2626 709 2684 totum
734 2619 860 2684 chorum
883 2623 1059 2704 concinere,
1081 2624 1136 2687 sed
1158 2645 1185 2688 v.
1201 2626 1263 2690 377

167 2726 236 2789 ἀλλ’
258 2724 340 2806 ἔμβα
362 2727 489 2792 alterurn
511 2729 638 2792 chorum
656 2730 856 2812 respondere,
872 2731 891 2792 i.
912 2751 939 2794 e.
963 2732 1119 2814 stropham
1142 2753 1212 2800 esse
1233 2755 1263 2801 v.

169 2835 326 2916 372-77,
350 2838 569 2918 antistropham
591 2845 691 2902 autem
705 2840 909 2919 v.377-81;
932 2847 962 2905 et
985 2842 1082 2906 schol.
1106 2844 1145 2907 ad
1158 2864 1187 2907 v.
1200 2846 1262 2910 372

170 2943 246 3008 lalso
271 2951 418 3026 tractum,
443 2947 482 3010 ad
504 2968 532 3011 v.
556 2947 618 3011 377
637 2948 811 3030 pertinere,
833 2949 911 3012 vidit
933 2967 992 3031 quo
1016 2951 1129 3032 optime
1149 2953 1264 3017 contir-

168 3059 266 3119 matur
288 3055 488 3120 Aristarchea
512 3054 550 3120 de
573 3058 717 3122 carminis
742 3058 956 3123 distributione
976 3061 1136 3126 scatentia.
