2802 4724
605 768 885 838 vum.

680 955 820 970 ...ι-ιιι*

299 1115 392 1180 Natus
426 1134 493 1180 sum
520 1133 579 1199 ego
609 1113 770 1178 Henrioos'
786 1111 965 1192 lindolphus
988 1107 1162 1176 Theodorus
1192 1109 1293 1175 Oscor

198 1224 348 1306 Gortuae,
370 1243 451 1291 anno
475 1226 563 1288 buius
586 1225 701 1289 saeculi
716 1221 822 1288 XXVl.
846 1206 1005 1288 Streliciae
1026 1223 1077 1303 qni
1097 1227 1144 1286 est
1165 1220 1293 1286 silesiae

200 1335 287 1398 vicus
308 1351 404 1416 prope
426 1334 550 1400 Olsuam
570 1336 658 1414 situs,
675 1339 761 1415 patre
776 1331 908 1394 Ernesto
930 1313 1073 1408 Hennaea,
1096 1350 1186 1413 qoem
1201 1349 1294 1414 prae-

198 1451 315 1508 matura
337 1451 434 1508 morte
459 1445 566 1510 decem
589 1435 700 1508 abbino
724 1443 810 1507 annis
824 1442 898 1504 mibi
920 1447 1056 1524 ereptum
1076 1441 1181 1524 lugeo,
1197 1448 1293 1505 matre

198 1551 319 1615 Amulio
346 1574 363 1618 e
386 1560 479 1636 gente
502 1552 684 1633 Andretulrp.
736 1552 909 1616 Auotumno
929 1571 959 1643 n.
986 1551 1066 1615 1836
1093 1550 1193 1632 patrui
1213 1551 1294 1614 Vra-

197 1661 399 1726 trislaviensis
431 1661 605 1727 educationi
636 1661 765 1724 traditus
798 1661 876 1723 inter
904 1660 1055 1750 gymnasii
1085 1659 1291 1738 Elisabetaui,

199 1770 281 1851 quod
293 1771 495 1835 Vratislaviae
517 1771 615 1850 lloret,
635 1769 802 1858 discipulos
818 1774 959 1850 receptus
976 1787 1052 1832 sum.
1097 1767 1163 1844 Qua
1185 1768 1292 1832 schola

196 1895 293 1960 usque
316 1879 354 1942 ad
377 1897 503 1942 uernum
527 1885 644 1960 tempus
667 1897 694 1941 a.
717 1876 796 1941 1842
819 1877 1009 1959 frequentata
1033 1877 1293 1959 orphanotrophei

198 1985 339 2051 Halensls
358 1987 496 2052 alumnus
512 1988 637 2051 scholae
648 1987 761 2051 latinae
777 1987 914 2051 secundo
931 1985 1032 2050 ordini
1053 1985 1154 2050 alluo
1168 1985 1292 2052 Summo

200 2093 250 2157 Fr.
273 2093 349 2177 Aop.
373 2081 546 2159 Ecbateinio
569 2096 740 2177 adscriptus
768 2114 855 2175 sum,
879 2096 965 2168 ouius
988 2095 1116 2178 egregia
1143 2095 1292 2159 institutio

201 2205 317 2288 insigni
337 2206 503 2271 litterarum
525 2206 714 2287 antiquarum
733 2223 837 2269 amore
852 2225 900 2269 me
914 2205 1029 2268 imbuit.
1055 2206 1180 2269 lueunte
1192 2203 1293 2269 bieme

198 2333 225 2377 a.
256 2301 468 2379 MDCCCXLV
501 2316 681 2378 maturitatis
708 2316 912 2380 testimonium
944 2321 1052 2380 naotu's
1083 2313 1291 2379 universitatis

198 2423 428 2489 Fridericiauae
449 2424 592 2488 Halensis
617 2426 787 2506 protectori
801 2477 802 2480 ,
817 2424 874 2488 Ed.
899 2423 1020 2488 d'Atton
1043 2424 1179 2488 dextram
1208 2424 1289 2487 dedi.

142 2519 145 2524 ¹
199 2533 242 2595 lbi
266 2531 478 2614 Bernhardpi‚
501 2530 624 2613 Maiori,
646 2533 750 2606 uosatt
776 2534 811 2598 V.
825 2535 860 2600 V.
881 2535 924 2598 Cl.
947 2535 1153 2618 philologlcas
1177 2541 1208 2597 et
1235 2553 1289 2597 ar·

203 2643 438 2725 obaeologioas‚
468 2643 578 2706 Leonis
608 2651 638 2706 et
667 2643 824 2706 Dunelni
853 2645 1036 2724 historicas,
1066 2643 1237 2706 Erdmanni
1260 2651 1291 2707 et

197 2750 350 2815 Sobotlori
378 2752 606 2834 philosophicas
633 2753 757 2817 soboles
786 2754 865 2833 adii,
890 2759 921 2816 et
942 2773 959 2816 a
981 2751 1182 2833 uernum-apo
1212 2754 1292 2818 inter

195 2863 353 2925 seminarii
386 2863 565 2948 philologici
596 2863 700 2928 socios
734 2863 884 2928 benevole
915 2871 1057 2945 receptus
1092 2882 1180 2943 sum,
1205 2865 1291 2928 cuius

198 2973 470 3038 exercitationibus
492 2991 676 3054 perannum
699 2975 833 3039 interlui.
861 2973 945 3038 Halis
964 2991 1020 3054 per
1034 2973 1195 3038 triennium
1217 2992 1291 3037 ver-

196 3086 280 3145 satus
294 3079 430 3144 Bonnam
446 3100 495 3144 me
512 3081 626 3146 contuli
648 3089 680 3145 ut
702 3083 823 3146 tandem
847 3082 1000 3163 explerem
1018 3082 1189 3146 diuturnum
1207 3082 1293 3146 desi-

198 3188 316 3254 derium
331 3195 360 3255 et
375 3183 649 3273 apud'Loebotlinm
662 3191 760 3256 almae
775 3191 963 3256 Fridericiae
975 3191 1154 3257 Guilelmiae
1167 3191 1293 3255 Rhena-

196 3315 254 3363 nae
269 3307 424 3364 rectorem
443 3299 636 3384 magnificum
649 3318 761 3365 nomen
777 3299 935 3383 protessus
950 3318 1026 3383 sum,
1037 3300 1117 3364 ubia
1138 3298 1290 3363 Wetctroro

197 3413 228 3470 et
250 3401 412 3473 ltitoobotio
432 3429 548 3488 summa
570 3411 784 3476 benevolentia
805 3411 950 3494 legitimis
976 3410 1133 3475 seminarii
1155 3409 1290 3492 philolo-

194 3514 257 3598 gici
285 3499 443 3584 sodalibus
466 3521 637 3603 adscriptus
659 3520 799 3585 consiliis
819 3521 987 3585 liberaliter
1008 3519 1127 3584 adiutus
1150 3509 1180 3583 et
1202 3520 1289 3601 ipso·-

196 3643 262 3690 rum
285 3629 409 3693 scholas
431 3636 461 3694 et
481 3630 649 3710 Brundisii,
670 3630 828 3710 teobaldi,
848 3628 1015 3710 Sobopeni,
1038 3627 1200 3712 Bernaysii
1220 3629 1288 3694 tre-

195 3741 349 3818 quentavi.
395 3735 528 3815 Quorum
552 3740 685 3805 omnium
706 3740 842 3804 uirorum
864 3758 919 3822 pro
943 3739 1079 3824 egregiis
1095 3739 1128 3801 in
1148 3755 1197 3802 me
1218 3752 1287 3801 me-

196 3846 262 3910 ritis
282 3867 404 3933 semper
424 3849 497 3914 mibi
521 3853 610 3936 grata
632 3851 689 3913 erit
709 3851 819 3934 pieque
842 3851 972 3916 colenda
992 3847 1148 3913 memoria.
