2802 4724
482 823 484 833 ¹
554 877 744 959 carun
773 877 812 940 1.

133 975 379 1102 dictantibus,
401 983 556 1102 equitus
577 1016 881 1085 nocanarrnmam
904 1015 1087 1082 studiorum
1108 1021 1228 1084 noddo

483 1125 529 1192 ad
544 1144 606 1192 nor
625 1130 878 1212 permanaverit.
1036 1135 1040 1148 ·

619 1318 747 1348 *¹

239 1433 453 1506 Quaestionem
486 1433 523 1498 de
555 1423 694 1496 deterum
722 1433 754 1499 in
773 1433 1011 1514 Aristophanem
1039 1433 1232 1502 scholiorum

135 1543 271 1608 tontibus
297 1545 423 1627 egregie
444 1549 658 1624 pertractatam
681 1559 751 1606 esse
775 1548 895 1608 cordat
915 1542 952 1606 ah
970 1543 1082 1608 ottone
1099 1540 1234 1610 Sohnei.

136 1653 221 1732 dero.
254 1653 288 1716 ln
310 1652 396 1716 cuius
417 1659 521 1716 tamen
536 1653 640 1719 libello
661 1652 742 1718 haud
766 1651 886 1730 desunt,
909 1667 987 1731 quae
1002 1656 1071 1731 post
1092 1650 1233 1714 novissi,

134 1760 362 1846 masDindoriii
382 1766 412 1824 et
426 1759 582 1826 Duebneri
603 1777 700 1830 curas
716 1759 748 1825 in
762 1751 891 1824 scholiis
908 1758 1107 1822 emendandis
1124 1777 1235 1822 secer*

136 1869 307 1960 mendisque
338 1869 455 1954 positas
490 1870 556 1950 ipse
589 1874 924 1934 auctorretraotaret.
974 1867 1044 1931 ntia
1072 1867 1122 1931 vel
1153 1867 1235 1930 saiso

137 1979 283 2056 conclusa
305 1977 354 2042 vel
386 1978 588 2044 confidentius
610 1978 766 2046 affirmata,
783 1978 890 2059 partim
912 1977 973 2041 iam
992 1995 1013 2040 a
1034 1977 1118 2043 viris·
1131 1975 1232 2038 doctis

136 2089 275 2166 actuata,
295 2089 403 2170 partim
431 2088 520 2152 nohis
547 2088 708 2154 refutanda
729 2094 816 2166 sunt,
847 2105 885 2150 ne
900 2085 1068 2166 sequentis
1094 2085 1234 2166 disputa-

137 2197 232 2276 tionis
255 2196 364 2260 iustum
385 2196 613 2262 tundamentum
635 2195 837 2263 desideretur.

140 2345 143 2352 ·
248 2306 465 2372 Gravissimum
493 2305 532 2368 de
564 2305 698 2368 tontibus
720 2303 916 2371 scholiorum·
939 2301 1234 2384 Aristophaneorum

142 2415 351 2498 quaestionem
374 2415 502 2492 maxime
525 2413 621 2477 trihus
641 2413 915 2494 subscriptionibus
940 2413 1000 2477 iilis
1026 2431 1044 2476 e
1066 2413 1137 2477 cod.
1159 2413 1235 2478 Ven.

89 2535 92 2540 ·
141 2521 214 2612 diti.
237 2521 275 2585 ah
297 2523 348 2586 Im.
372 2522 512 2586 Behkero
542 2521 688 2604 prolatis,
721 2539 846 2603 quadrum
876 2538 960 2602 quae.
980 2521 1012 2584 in
1040 2520 1099 2585 fine
1124 2521 1236 2585 Avium

139 2629 253 2716 legitur
274 2630 385 2696 dudum
406 2651 424 2712 e
445 2631 514 2698 cod
536 2630 794 2711 Leid.=puhiicata
815 2636 881 2698 erat
901 2649 919 2695 a
938 2629 1093 2710 Dobraoo,
1118 2631 1238 2694 excita-

140 2744 202 2812 tam
226 2757 315 2820 esse,
339 2759 390 2804 res
413 2747 463 2806 est.
480 2740 687 2822 pervulgato.⁸
714 2739 830 2814 Quibus
855 2745 957 2803 tamen
977 2757 1033 2820 pro
1053 2745 1142 2803 certo
1163 2739 1239 2803 fun-

142 2847 284 2923 damento
312 2850 355 2912 uti
379 2850 446 2914 iure
468 2849 616 2933 dubitauit
640 2848 847 2918 schneidcms
875 2849 945 2929 quia
967 2854 1065 2911 utrum
1088 2849 1126 2912 ad
1154 2849 1239 2912 solas

141 2958 281 3038 Nuhium,
296 2959 394 3038 Pacis,
411 2959 522 3028 Avium
545 2978 584 3024 an
607 2959 646 3027 ud
668 2977 775 3024 omncs
787 2958 1003 3040 Aristophanis
1023 2956 1142 3021 fabulas
1162 2975 1238 3039 per-

147 3067 290 3131 tinuerint
318 3051 381 3130 non
405 3067 528 3148 liqueat.
572 3068 763 3150 Quapropter
790 3067 1002 3148 inquirendum
1032 3067 1093 3130 sihi
1123 3085 1240 3148 propo-

144 3177 213 3260 suit,
239 3177 311 3260 quid
332 3176 450 3242 etiamsi
473 3178 714 3262 subscriptiones
738 3177 809 3242 iliae
829 3193 893 3240 non
915 3182 1018 3242 essent
1039 3159 1180 3244 servatae
1203 3196 1242 3242 ex

143 3285 218 3371 ipsis
240 3285 368 3350 scholiis
389 3287 533 3350 extricari
559 3287 675 3368 possit,
692 3287 809 3368 ,viaque
832 3292 862 3351 et
883 3285 1003 3350 ratione
1025 3285 1243 3351 demonstram-

144 3391 228 3474 dum,
244 3394 417 3476 Symmachi
438 3395 689 3461 commentarium
711 3395 967 3476 Aristophaneom
987 3401 1124 3460 vetorum
1144 3396 1241 3459 scho-

143 3501 256 3565 liorum
272 3503 387 3566 iontem
408 3503 504 3568 fuisse
519 3504 652 3567 unicum.
683 3504 849 3579 Quaerenti
863 3503 957 3586 igitur
978 3503 1050 3585 quid
1069 3503 1129 3586 ipsi
1144 3503 1243 3568 scho-

141 3609 259 3673 iiastae'
284 3610 323 3674 de
347 3611 597 3676 obsecrationum
630 3629 753 3676 suarum
782 3611 916 3674 fontibus
947 3612 1114 3676 memoriae
1135 3613 1244 3694 prodi-

146 3717 249 3782 derint
268 3738 341 3802 prae
363 3722 476 3785 ceteris
498 3721 520 3784 ii
550 3738 584 3785 se
607 3721 755 3803 praebent
777 3721 856 3799 loci,
879 3721 1160 3806 praestantissimae
1182 3723 1243 3787 do-

146 3827 264 3892 ctrinae
286 3830 376 3910 copia
404 3829 564 3914 Insignes,
587 3831 618 3892 in
644 3831 753 3918 quihus
781 3829 1069 3894 commentariorum
1092 3832 1244 3897 excitatur

144 3939 303 4002 memoria.
350 3939 485 4014 Quorum
513 3939 609 4004 schol.
630 3939 703 4003 Plut.
728 3939 807 4006 1037
829 3939 944 4004 verba:
972 3941 1011 4018 ¹a'r
1036 3940 1071 4001 δὲ
1094 3943 1137 4026 τῷ
1165 3941 1244 4006 dno·

145 4045 284 4131 μνήματι
310 4042 409 4124 οὕτως
426 4054 542 4114 eertum
554 4055 601 4114 est
621 4050 871 4114 commentarium
894 4047 1043 4131 quendam
1056 4049 1242 4133 significare,

147 4157 201 4246 qui
219 4157 270 4226 vel
291 4157 382 4225 unice
412 4163 567 4244 superstes
595 4160 645 4226 rel
667 4177 742 4246 prae
763 4160 874 4227 ceteris
903 4161 984 4227 tama
1003 4165 1036 4225 et
1057 4160 1243 4245 pmestantin

1027 4283 1044 4352 1
1144 4323 1146 4330 .
