<?xml version="1.0" encoding="UTF-8"?>
<!DOCTYPE html PUBLIC "-//W3C//DTD XHTML 1.0 Transitional//EN"
    "http://www.w3.org/TR/xhtml1/DTD/xhtml1-transitional.dtd">
<html xmlns="http://www.w3.org/1999/xhtml" xml:lang="en" lang="en">
 <head>
  <title>
</title>
<meta http-equiv="Content-Type" content="text/html;charset=utf-8" />
  <meta name='ocr-system' content='tesseract 3.04.00' />
  <meta name='ocr-capabilities' content='ocr_page ocr_carea ocr_par ocr_line ocrx_word'/>
</head>
<body>
  <div class='ocr_page' id='page_1' title='image "./dearistarchoari00gerhgoog_0038.png"; bbox 0 0 2802 4724; ppageno 0'>
   <div class='ocr_carea' id='block_1_1' title="bbox 557 333 800 420">
    <p class='ocr_par' dir='ltr' id='par_1_1' title="bbox 557 333 800 420">
     <span class='ocr_line' id='line_1_1' title="bbox 557 333 800 420; baseline 0 -26"><span class='ocrx_word' id='word_1_1' title='bbox 557 333 800 420; x_wconf 35' lang='grc' dir='ltr'><strong>φορά</strong></span> 
     </span>
    </p>
   </div>
   <div class='ocr_carea' id='block_1_2' title="bbox 134 513 1310 1930">
    <p class='ocr_par' dir='ltr' id='par_1_2' title="bbox 134 513 1310 1930">
     <span class='ocr_line' id='line_1_2' title="bbox 134 513 1229 618; baseline -0.006 -19"><span class='ocrx_word' id='word_1_2' title='bbox 134 524 193 618; x_wconf 74' lang='lat' dir='ltr'><strong>dua</strong></span> <span class='ocrx_word' id='word_1_3' title='bbox 209 523 244 598; x_wconf 67' lang='grc' dir='ltr'><strong>ὀἱ</strong></span> <span class='ocrx_word' id='word_1_4' title='bbox 264 523 417 600; x_wconf 78' lang='lat' dir='ltr'><strong>uan.=191</strong></span> <span class='ocrx_word' id='word_1_5' title='bbox 442 534 586 615; x_wconf 86' lang='lat' dir='ltr'><strong>corrupit,</strong></span> <span class='ocrx_word' id='word_1_6' title='bbox 612 535 747 598; x_wconf 84' lang='lat' dir='ltr'><strong>refutans</strong></span> <span class='ocrx_word' id='word_1_7' title='bbox 766 531 963 598; x_wconf 75' lang='lat' dir='ltr'><strong>Aristarchus</strong></span> <span class='ocrx_word' id='word_1_8' title='bbox 984 513 1107 614; x_wconf 86' lang='lat' dir='ltr'><strong>insigne</strong></span> <span class='ocrx_word' id='word_1_9' title='bbox 1122 525 1229 594; x_wconf 78' lang='lat' dir='ltr'><strong>&#39;critici</strong></span> 
     </span>
     <span class='ocr_line' id='line_1_3' title="bbox 134 641 1229 727; baseline -0.005 -18"><span class='ocrx_word' id='word_1_10' title='bbox 134 644 297 709; x_wconf 86' lang='lat' dir='ltr'><strong>acuminis·</strong></span> <span class='ocrx_word' id='word_1_11' title='bbox 311 644 526 708; x_wconf 80' lang='lat' dir='ltr'><strong>documentum</strong></span> <span class='ocrx_word' id='word_1_12' title='bbox 557 644 702 710; x_wconf 88' lang='lat' dir='ltr'><strong>exhihuit.</strong></span> <span class='ocrx_word' id='word_1_13' title='bbox 745 643 915 727; x_wconf 84' lang='lat' dir='ltr'><strong>Scripserat</strong></span> <span class='ocrx_word' id='word_1_14' title='bbox 937 643 1017 707; x_wconf 87' lang='lat' dir='ltr'><strong>enirn</strong></span> <span class='ocrx_word' id='word_1_15' title='bbox 1039 641 1229 706; x_wconf 86' lang='lat' dir='ltr'><strong>Demetrius:</strong></span> 
     </span>
     <span class='ocr_line' id='line_1_4' title="bbox 134 738 1231 838; baseline -0.005 -22"><span class='ocrx_word' id='word_1_16' title='bbox 134 756 166 817; x_wconf 80' lang='grc' dir='ltr'><strong>εἰ</strong></span> <span class='ocrx_word' id='word_1_17' title='bbox 181 752 231 835; x_wconf 69' lang='grc' dir='ltr'><strong>μὴ’</strong></span> <span class='ocrx_word' id='word_1_18' title='bbox 254 738 476 837; x_wconf 70' lang='grc' dir='ltr'><strong><em>νοναομοίχήκε</em></strong></span> <span class='ocrx_word' id='word_1_19' title='bbox 507 750 564 835; x_wconf 69' lang='grc' dir='ltr'><strong>τήν</strong></span> <span class='ocrx_word' id='word_1_20' title='bbox 592 757 666 838; x_wconf 71' lang='grc' dir='ltr'><strong><em>περὶ</em></strong></span> <span class='ocrx_word' id='word_1_21' title='bbox 696 754 767 818; x_wconf 75' lang='grc' dir='ltr'><strong><em>τῶν</em></strong></span> <span class='ocrx_word' id='word_1_22' title='bbox 784 755 917 835; x_wconf 78' lang='grc' dir='ltr'><strong><em>νεκρῶν,</em></strong></span> <span class='ocrx_word' id='word_1_23' title='bbox 940 751 1135 816; x_wconf 85' lang='lat' dir='ltr'><strong>scribendum</strong></span> <span class='ocrx_word' id='word_1_24' title='bbox 1154 747 1231 814; x_wconf 84' lang='lat' dir='ltr'><strong>vidit</strong></span> 
     </span>
     <span class='ocr_line' id='line_1_5' title="bbox 136 859 1230 946; baseline -0.005 -20"><span class='ocrx_word' id='word_1_25' title='bbox 136 861 334 926; x_wconf 88' lang='lat' dir='ltr'><strong>Aristarchus</strong></span> <span class='ocrx_word' id='word_1_26' title='bbox 348 886 362 926; x_wconf 93' lang='lat'><strong>:·</strong></span> <span class='ocrx_word' id='word_1_27' title='bbox 379 859 437 945; x_wconf 67' lang='grc' dir='ltr'><strong><em>τήν</em></strong></span> <span class='ocrx_word' id='word_1_28' title='bbox 455 865 529 944; x_wconf 76' lang='grc' dir='ltr'><strong>περὶ</strong></span> <span class='ocrx_word' id='word_1_29' title='bbox 548 867 611 927; x_wconf 75' lang='grc' dir='ltr'><strong>τῶν</strong></span> <span class='ocrx_word' id='word_1_30' title='bbox 632 863 753 946; x_wconf 75' lang='grc' dir='ltr'><strong><em>κρεῶν,</em></strong></span> <span class='ocrx_word' id='word_1_31' title='bbox 777 880 855 945; x_wconf 86' lang='lat' dir='ltr'><strong>quae</strong></span> <span class='ocrx_word' id='word_1_32' title='bbox 878 862 972 925; x_wconf 83' lang='lat' dir='ltr'><strong>verba</strong></span> <span class='ocrx_word' id='word_1_33' title='bbox 996 877 1087 942; x_wconf 86' lang='lat' dir='ltr'><strong>quem</strong></span> <span class='ocrx_word' id='word_1_34' title='bbox 1107 875 1230 925; x_wconf 91' lang='lat' dir='ltr'><strong>sensum</strong></span> 
     </span>
     <span class='ocr_line' id='line_1_6' title="bbox 136 969 1237 1054; baseline -0.006 -19"><span class='ocrx_word' id='word_1_35' title='bbox 136 972 285 1053; x_wconf 76' lang='lat' dir='ltr'><strong>habeant,</strong></span> <span class='ocrx_word' id='word_1_36' title='bbox 314 973 545 1037; x_wconf 85' lang='lat' dir='ltr'><strong>accuratissime</strong></span> <span class='ocrx_word' id='word_1_37' title='bbox 578 974 718 1054; x_wconf 82' lang='lat' dir='ltr'><strong>exposuit</strong></span> <span class='ocrx_word' id='word_1_38' title='bbox 739 971 940 1037; x_wconf 79' lang='lat' dir='ltr'><strong>Fritzschius“</strong></span> <span class='ocrx_word' id='word_1_39' title='bbox 954 987 1064 1034; x_wconf 90' lang='lat' dir='ltr'><strong>comm.</strong></span> <span class='ocrx_word' id='word_1_40' title='bbox 1094 970 1133 1035; x_wconf 89' lang='lat' dir='ltr'><strong>ad</strong></span> <span class='ocrx_word' id='word_1_41' title='bbox 1155 969 1237 1034; x_wconf 55' lang='lat' dir='ltr'><strong>Rana</strong></span> 
     </span>
     <span class='ocr_line' id='line_1_7' title="bbox 136 1063 1232 1166; baseline -0.005 -21"><span class='ocrx_word' id='word_1_42' title='bbox 136 1082 246 1164; x_wconf 72' lang='lat' dir='ltr'><strong>p.-123</strong></span> <span class='ocrx_word' id='word_1_43' title='bbox 264 1101 323 1164; x_wconf 59' lang='lat' dir='ltr'><strong>sq„</strong></span> <span class='ocrx_word' id='word_1_44' title='bbox 347 1083 433 1148; x_wconf 88' lang='lat' dir='ltr'><strong>cuius</strong></span> <span class='ocrx_word' id='word_1_45' title='bbox 457 1084 615 1166; x_wconf 82' lang='lat' dir='ltr'><strong>egregiam</strong></span> <span class='ocrx_word' id='word_1_46' title='bbox 636 1084 675 1147; x_wconf 93' lang='lat' dir='ltr'><strong>de</strong></span> <span class='ocrx_word' id='word_1_47' title='bbox 699 1083 853 1147; x_wconf 84' lang='lat' dir='ltr'><strong>hocloco</strong></span> <span class='ocrx_word' id='word_1_48' title='bbox 874 1063 1107 1164; x_wconf 88' lang='lat' dir='ltr'><strong>disputationem</strong></span> <span class='ocrx_word' id='word_1_49' title='bbox 1127 1079 1232 1160; x_wconf 88' lang='lat' dir='ltr'><strong>splen-</strong></span> 
     </span>
     <span class='ocr_line' id='line_1_8' title="bbox 137 1187 1230 1257; baseline -0.004 -3"><span class='ocrx_word' id='word_1_50' title='bbox 137 1190 302 1256; x_wconf 89' lang='lat' dir='ltr'><strong>didissimis</strong></span> <span class='ocrx_word' id='word_1_51' title='bbox 318 1192 530 1255; x_wconf 89' lang='lat' dir='ltr'><strong>commentarii</strong></span> <span class='ocrx_word' id='word_1_52' title='bbox 542 1193 608 1257; x_wconf 89' lang='lat' dir='ltr'><strong>eius</strong></span> <span class='ocrx_word' id='word_1_53' title='bbox 621 1191 807 1257; x_wconf 86' lang='lat' dir='ltr'><strong>ornamentis</strong></span> <span class='ocrx_word' id='word_1_54' title='bbox 823 1192 1026 1255; x_wconf 90' lang='lat' dir='ltr'><strong>adnumerare</strong></span> <span class='ocrx_word' id='word_1_55' title='bbox 1035 1206 1098 1252; x_wconf 91' lang='lat' dir='ltr'><strong>non</strong></span> <span class='ocrx_word' id='word_1_56' title='bbox 1115 1187 1230 1252; x_wconf 89' lang='lat' dir='ltr'><strong>dubito.</strong></span> 
     </span>
     <span class='ocr_line' id='line_1_9' title="bbox 137 1279 1310 1382; baseline -0.003 -18"><span class='ocrx_word' id='word_1_57' title='bbox 137 1300 345 1364; x_wconf 67' lang='lat' dir='ltr'><strong>(lentissimum</strong></span> <span class='ocrx_word' id='word_1_58' title='bbox 369 1302 449 1366; x_wconf 90' lang='lat' dir='ltr'><strong>enim</strong></span> <span class='ocrx_word' id='word_1_59' title='bbox 470 1308 517 1365; x_wconf 91' lang='lat' dir='ltr'><strong>est</strong></span> <span class='ocrx_word' id='word_1_60' title='bbox 539 1302 695 1382; x_wconf 89' lang='lat' dir='ltr'><strong>proverbii</strong></span> <span class='ocrx_word' id='word_1_61' title='bbox 714 1301 842 1366; x_wconf 88' lang='lat' dir='ltr'><strong>Graecis</strong></span> <span class='ocrx_word' id='word_1_62' title='bbox 863 1279 1069 1364; x_wconf 86' lang='lat' dir='ltr'><strong>usitatissimi:</strong></span> <span class='ocrx_word' id='word_1_63' title='bbox 1093 1295 1110 1360; x_wconf 82' lang='lat' dir='ltr'><strong>d</strong></span> <span class='ocrx_word' id='word_1_64' title='bbox 1131 1293 1234 1380; x_wconf 69' lang='grc' dir='ltr'><strong><em>λαγώς</em></strong></span> <span class='ocrx_word' id='word_1_65' title='bbox 1305 1341 1310 1350; x_wconf 83' lang='lat'><em>-</em></span> 
     </span>
     <span class='ocr_line' id='line_1_10' title="bbox 138 1405 1234 1494; baseline -0.005 -21"><span class='ocrx_word' id='word_1_66' title='bbox 138 1406 297 1491; x_wconf 66' lang='grc' dir='ltr'><strong><em>τόνκιερί</em></strong></span> <span class='ocrx_word' id='word_1_67' title='bbox 319 1411 382 1474; x_wconf 72' lang='grc' dir='ltr'><strong>τῶν</strong></span> <span class='ocrx_word' id='word_1_68' title='bbox 413 1412 512 1494; x_wconf 78' lang='grc' dir='ltr'><strong><em>κρεῶν</em></strong></span> <span class='ocrx_word' id='word_1_69' title='bbox 538 1413 660 1494; x_wconf 70' lang='grc' dir='ltr'><strong><em>τρίχα,</em></strong></span> <span class='ocrx_word' id='word_1_70' title='bbox 690 1427 750 1493; x_wconf 86' lang='lat' dir='ltr'><strong>quo</strong></span> <span class='ocrx_word' id='word_1_71' title='bbox 780 1409 1038 1474; x_wconf 81' lang='lat' dir='ltr'><strong>summum-virae</strong></span> <span class='ocrx_word' id='word_1_72' title='bbox 1067 1405 1234 1488; x_wconf 81' lang='lat' dir='ltr'><strong>periculum</strong></span> 
     </span>
     <span class='ocr_line' id='line_1_11' title="bbox 141 1511 1234 1600; baseline -0.005 -18"><span class='ocrx_word' id='word_1_73' title='bbox 141 1519 344 1598; x_wconf 59' lang='lat' dir='ltr'><strong>describimus</strong></span> <span class='ocrx_word' id='word_1_74' title='bbox 358 1520 404 1584; x_wconf 84' lang='lat' dir='ltr'><strong>sio</strong></span> <span class='ocrx_word' id='word_1_75' title='bbox 428 1520 578 1584; x_wconf 83' lang='lat' dir='ltr'><strong>rationem</strong></span> <span class='ocrx_word' id='word_1_76' title='bbox 599 1520 724 1600; x_wconf 84' lang='lat' dir='ltr'><strong>haberi,</strong></span> <span class='ocrx_word' id='word_1_77' title='bbox 751 1527 783 1582; x_wconf 87' lang='lat' dir='ltr'><strong>ut</strong></span> <span class='ocrx_word' id='word_1_78' title='bbox 805 1525 981 1600; x_wconf 81' lang='grc' dir='ltr'><em>ναυμαχεῖν</em></span> <span class='ocrx_word' id='word_1_79' title='bbox 1003 1515 1060 1599; x_wconf 70' lang='grc' dir='ltr'><strong><em>τὴν</em></strong></span> <span class='ocrx_word' id='word_1_80' title='bbox 1083 1518 1157 1599; x_wconf 78' lang='grc' dir='ltr'><strong><em>περί</em></strong></span> <span class='ocrx_word' id='word_1_81' title='bbox 1177 1511 1234 1596; x_wconf 69' lang='grc' dir='ltr'><strong>τήν</strong></span> 
     </span>
     <span class='ocr_line' id='line_1_12' title="bbox 140 1628 1234 1711; baseline -0.004 -21"><span class='ocrx_word' id='word_1_82' title='bbox 140 1630 239 1711; x_wconf 75' lang='grc' dir='ltr'><strong><em>κρεῶν</em></strong></span> <span class='ocrx_word' id='word_1_83' title='bbox 253 1639 325 1707; x_wconf 76' lang='lat' dir='ltr'><strong>(se.</strong></span> <span class='ocrx_word' id='word_1_84' title='bbox 350 1631 550 1711; x_wconf 77' lang='grc' dir='ltr'><strong><em>ναυμαχίαν)</em></strong></span> <span class='ocrx_word' id='word_1_85' title='bbox 573 1629 728 1710; x_wconf 89' lang='lat' dir='ltr'><strong>aptissime</strong></span> <span class='ocrx_word' id='word_1_86' title='bbox 752 1629 871 1692; x_wconf 88' lang='lat' dir='ltr'><strong>dicatur</strong></span> <span class='ocrx_word' id='word_1_87' title='bbox 894 1628 933 1691; x_wconf 92' lang='lat' dir='ltr'><strong>de</strong></span> <span class='ocrx_word' id='word_1_88' title='bbox 955 1646 991 1692; x_wconf 87' lang='lat' dir='ltr'><strong>ea</strong></span> <span class='ocrx_word' id='word_1_89' title='bbox 1019 1643 1130 1709; x_wconf 86' lang='lat' dir='ltr'><strong>pugna,</strong></span> <span class='ocrx_word' id='word_1_90' title='bbox 1156 1641 1234 1706; x_wconf 86' lang='lat' dir='ltr'><strong>quae</strong></span> 
     </span>
     <span class='ocr_line' id='line_1_13' title="bbox 142 1735 1236 1818; baseline -0.004 -18"><span class='ocrx_word' id='word_1_91' title='bbox 142 1737 182 1802; x_wconf 88' lang='lat' dir='ltr'><strong>de</strong></span> <span class='ocrx_word' id='word_1_92' title='bbox 202 1755 317 1802; x_wconf 89' lang='lat' dir='ltr'><strong>summa</strong></span> <span class='ocrx_word' id='word_1_93' title='bbox 335 1737 523 1818; x_wconf 88' lang='lat' dir='ltr'><strong>reipublicae</strong></span> <span class='ocrx_word' id='word_1_94' title='bbox 544 1739 791 1802; x_wconf 87' lang='lat' dir='ltr'><strong>committeretur.</strong></span> <span class='ocrx_word' id='word_1_95' title='bbox 821 1739 907 1801; x_wconf 89' lang='lat' dir='ltr'><strong>Hanc</strong></span> <span class='ocrx_word' id='word_1_96' title='bbox 924 1743 1023 1800; x_wconf 89' lang='lat' dir='ltr'><strong>autem</strong></span> <span class='ocrx_word' id='word_1_97' title='bbox 1044 1735 1139 1799; x_wconf 79' lang='lat' dir='ltr'><strong>fuisse</strong></span> <span class='ocrx_word' id='word_1_98' title='bbox 1156 1740 1236 1798; x_wconf 90' lang='lat' dir='ltr'><strong>tern-</strong></span> 
     </span>
     <span class='ocr_line' id='line_1_14' title="bbox 142 1841 1238 1930; baseline -0.005 -20"><span class='ocrx_word' id='word_1_99' title='bbox 142 1848 245 1928; x_wconf 90' lang='lat' dir='ltr'><strong>poris,</strong></span> <span class='ocrx_word' id='word_1_100' title='bbox 266 1849 325 1929; x_wconf 88' lang='lat' dir='ltr'><strong>quo</strong></span> <span class='ocrx_word' id='word_1_101' title='bbox 349 1846 387 1911; x_wconf 88' lang='lat' dir='ltr'><strong>ad</strong></span> <span class='ocrx_word' id='word_1_102' title='bbox 408 1846 580 1929; x_wconf 88' lang='lat' dir='ltr'><strong>Arginusas</strong></span> <span class='ocrx_word' id='word_1_103' title='bbox 601 1847 803 1930; x_wconf 82' lang='lat' dir='ltr'><strong>pugnabatur,</strong></span> <span class='ocrx_word' id='word_1_104' title='bbox 828 1845 1046 1926; x_wconf 84' lang='lat' dir='ltr'><strong>conditionem,</strong></span> <span class='ocrx_word' id='word_1_105' title='bbox 1069 1841 1160 1907; x_wconf 75' lang='lat' dir='ltr'><strong>ne&#39;rno</strong></span> <span class='ocrx_word' id='word_1_106' title='bbox 1179 1859 1238 1905; x_wconf 87' lang='lat' dir='ltr'><strong>ne-</strong></span> 
     </span>
    </p>
   </div>
   <div class='ocr_carea' id='block_1_3' title="bbox 142 1952 1344 2039">
    <p class='ocr_par' dir='ltr' id='par_1_3' title="bbox 142 1952 1344 2039">
     <span class='ocr_line' id='line_1_15' title="bbox 142 1952 1344 2039; baseline -0.004 -19"><span class='ocrx_word' id='word_1_107' title='bbox 142 1957 203 2020; x_wconf 86' lang='lat' dir='ltr'><strong>scit</strong></span> <span class='ocrx_word' id='word_1_108' title='bbox 221 1957 280 2021; x_wconf 90' lang='lat' dir='ltr'><strong>nisi</strong></span> <span class='ocrx_word' id='word_1_109' title='bbox 301 1957 449 2020; x_wconf 90' lang='lat' dir='ltr'><strong>historiae</strong></span> <span class='ocrx_word' id='word_1_110' title='bbox 470 1957 559 2036; x_wconf 88' lang='lat' dir='ltr'><strong>plane</strong></span> <span class='ocrx_word' id='word_1_111' title='bbox 583 1956 709 2038; x_wconf 88' lang='lat' dir='ltr'><strong>ignarus</strong></span> <span class='ocrx_word' id='word_1_112' title='bbox 717 1981 727 2035; x_wconf 92' lang='lat'>;</span> <span class='ocrx_word' id='word_1_113' title='bbox 750 1974 845 2039; x_wconf 87' lang='lat' dir='ltr'><strong>quare</strong></span> <span class='ocrx_word' id='word_1_114' title='bbox 859 1955 948 2020; x_wconf 89' lang='lat' dir='ltr'><strong>Diod.</strong></span> <span class='ocrx_word' id='word_1_115' title='bbox 964 1955 1044 2036; x_wconf 86' lang='lat' dir='ltr'>XIII,</span> <span class='ocrx_word' id='word_1_116' title='bbox 1064 1953 1106 2019; x_wconf 81' lang='lat'><strong>99</strong></span> <span class='ocrx_word' id='word_1_117' title='bbox 1128 1952 1238 2017; x_wconf 88' lang='lat' dir='ltr'><strong>eodem</strong></span> <span class='ocrx_word' id='word_1_118' title='bbox 1339 1987 1344 1992; x_wconf 94' lang='lat'><em>-</em></span> 
     </span>
    </p>
   </div>
   <div class='ocr_carea' id='block_1_4' title="bbox 144 2054 1253 4332">
    <p class='ocr_par' dir='ltr' id='par_1_4' title="bbox 144 2054 1253 4332">
     <span class='ocr_line' id='line_1_16' title="bbox 144 2054 1237 2147; baseline -0.005 -19"><span class='ocrx_word' id='word_1_119' title='bbox 144 2083 237 2128; x_wconf 90' lang='lat' dir='ltr'><strong>sensu</strong></span> <span class='ocrx_word' id='word_1_120' title='bbox 259 2065 338 2127; x_wconf 91' lang='lat' dir='ltr'><strong>hanc</strong></span> <span class='ocrx_word' id='word_1_121' title='bbox 359 2065 593 2147; x_wconf 85' lang='lat' dir='ltr'><strong>pugnam-hane</strong></span> <span class='ocrx_word' id='word_1_122' title='bbox 612 2066 767 2146; x_wconf 88' lang='lat' dir='ltr'><strong>aptissime</strong></span> <span class='ocrx_word' id='word_1_123' title='bbox 782 2071 874 2128; x_wconf 86' lang='lat' dir='ltr'><strong>vocat</strong></span> <span class='ocrx_word' id='word_1_124' title='bbox 895 2059 952 2147; x_wconf 63' lang='grc' dir='ltr'><strong><em>τὴν</em></strong></span> <span class='ocrx_word' id='word_1_125' title='bbox 973 2061 1126 2144; x_wconf 75' lang='grc' dir='ltr'><strong><em>περὶτῶν</em></strong></span> <span class='ocrx_word' id='word_1_126' title='bbox 1148 2054 1237 2123; x_wconf 79' lang='grc' dir='ltr'><strong><em>ὅλων.</em></strong></span> 
     </span>
     <span class='ocr_line' id='line_1_17' title="bbox 145 2162 1239 2262; baseline -0.006 -26"><span class='ocrx_word' id='word_1_127' title='bbox 145 2162 494 2262; x_wconf 66' lang='grc' dir='ltr'><strong><em>ΑποωοοἚοίινοοΙιίοο</em></strong></span> <span class='ocrx_word' id='word_1_128' title='bbox 520 2174 657 2254; x_wconf 86' lang='lat' dir='ltr'><strong>quamvis</strong></span> <span class='ocrx_word' id='word_1_129' title='bbox 682 2175 804 2237; x_wconf 92' lang='lat' dir='ltr'><strong>dehoc</strong></span> <span class='ocrx_word' id='word_1_130' title='bbox 829 2172 899 2235; x_wconf 91' lang='lat' dir='ltr'><strong>loco</strong></span> <span class='ocrx_word' id='word_1_131' title='bbox 926 2171 1054 2254; x_wconf 85' lang='lat' dir='ltr'><strong>egregie</strong></span> <span class='ocrx_word' id='word_1_132' title='bbox 1080 2167 1239 2248; x_wconf 85' lang='lat' dir='ltr'><strong>ceteroqui</strong></span> 
     </span>
     <span class='ocr_line' id='line_1_18' title="bbox 145 2277 1240 2346; baseline -0.005 -2"><span class='ocrx_word' id='word_1_133' title='bbox 145 2283 270 2346; x_wconf 83' lang='lat' dir='ltr'><strong>meritus</strong></span> <span class='ocrx_word' id='word_1_134' title='bbox 291 2282 322 2344; x_wconf 92' lang='lat' dir='ltr'><strong>in</strong></span> <span class='ocrx_word' id='word_1_135' title='bbox 336 2282 509 2346; x_wconf 88' lang='lat' dir='ltr'><strong>Aristarchi</strong></span> <span class='ocrx_word' id='word_1_136' title='bbox 531 2284 682 2346; x_wconf 89' lang='lat' dir='ltr'><strong>sententia</strong></span> <span class='ocrx_word' id='word_1_137' title='bbox 705 2281 900 2346; x_wconf 90' lang='lat' dir='ltr'><strong>diiudicanda</strong></span> <span class='ocrx_word' id='word_1_138' title='bbox 921 2281 1002 2344; x_wconf 90' lang='lat' dir='ltr'><strong>haud</strong></span> <span class='ocrx_word' id='word_1_139' title='bbox 1018 2277 1150 2344; x_wconf 87' lang='lat' dir='ltr'><strong>ielieiter</strong></span> <span class='ocrx_word' id='word_1_140' title='bbox 1166 2293 1240 2340; x_wconf 89' lang='lat' dir='ltr'><strong>ver-</strong></span> 
     </span>
     <span class='ocr_line' id='line_1_19' title="bbox 146 2380 1240 2475; baseline -0.006 -21"><span class='ocrx_word' id='word_1_141' title='bbox 146 2397 230 2454; x_wconf 88' lang='lat' dir='ltr'><strong>satus</strong></span> <span class='ocrx_word' id='word_1_142' title='bbox 253 2396 307 2452; x_wconf 90' lang='lat' dir='ltr'><strong>est.</strong></span> <span class='ocrx_word' id='word_1_143' title='bbox 352 2390 460 2454; x_wconf 82' lang='lat' dir='ltr'><strong>Verbis</strong></span> <span class='ocrx_word' id='word_1_144' title='bbox 483 2393 564 2456; x_wconf 91' lang='lat' dir='ltr'><strong>enim</strong></span> <span class='ocrx_word' id='word_1_145' title='bbox 583 2389 787 2456; x_wconf 89' lang='lat' dir='ltr'><strong>scholiastae:</strong></span> <span class='ocrx_word' id='word_1_146' title='bbox 820 2387 969 2475; x_wconf 78' lang='grc' dir='ltr'><strong><em>διάφοροι</em></strong></span> <span class='ocrx_word' id='word_1_147' title='bbox 991 2385 1024 2452; x_wconf 82' lang='grc' dir='ltr'><strong>αἱ</strong></span> <span class='ocrx_word' id='word_1_148' title='bbox 1044 2389 1185 2472; x_wconf 78' lang='grc' dir='ltr'><strong><em>γραφαί·</em></strong></span> <span class='ocrx_word' id='word_1_149' title='bbox 1210 2380 1240 2448; x_wconf 77' lang='lat' dir='ltr'><strong>ci</strong></span> 
     </span>
     <span class='ocr_line' id='line_1_20' title="bbox 146 2495 1241 2586; baseline -0.003 -26"><span class='ocrx_word' id='word_1_150' title='bbox 146 2501 206 2577; x_wconf 76' lang='grc' dir='ltr'><strong><em>μὲν</em></strong></span> <span class='ocrx_word' id='word_1_151' title='bbox 221 2495 282 2583; x_wconf 72' lang='grc' dir='ltr'><strong>γάρ</strong></span> <span class='ocrx_word' id='word_1_152' title='bbox 300 2501 406 2582; x_wconf 58' lang='grc' dir='ltr'><strong><em>’κρεῶν</em></strong></span> <span class='ocrx_word' id='word_1_153' title='bbox 426 2499 468 2574; x_wconf 74' lang='grc' dir='ltr'><strong>ὥς</strong></span> <span class='ocrx_word' id='word_1_154' title='bbox 490 2500 699 2584; x_wconf 70' lang='grc' dir='ltr'><strong><em>Ἀρίσταρχος</em></strong></span> <span class='ocrx_word' id='word_1_155' title='bbox 716 2499 813 2586; x_wconf 72' lang='grc' dir='ltr'><strong><em>φησιν</em></strong></span> <span class='ocrx_word' id='word_1_156' title='bbox 834 2497 887 2564; x_wconf 80' lang='lat' dir='ltr'><strong>e&#39;nt&#39;</strong></span> <span class='ocrx_word' id='word_1_157' title='bbox 906 2495 1144 2578; x_wconf 79' lang='grc' dir='ltr'><strong><em>τῶνσωμοίτων</em></strong></span> <span class='ocrx_word' id='word_1_158' title='bbox 1161 2501 1241 2575; x_wconf 77' lang='grc' dir='ltr'><strong><em>λαμ-</em></strong></span> 
     </span>
     <span class='ocr_line' id='line_1_21' title="bbox 147 2603 1242 2698; baseline -0.004 -30"><span class='ocrx_word' id='word_1_159' title='bbox 147 2605 307 2685; x_wconf 75' lang='grc' dir='ltr'><strong><em>βάνεσθαι</em></strong></span> <span class='ocrx_word' id='word_1_160' title='bbox 327 2605 494 2690; x_wconf 72' lang='grc' dir='ltr'><strong><em>πολλάκις,</em></strong></span> <span class='ocrx_word' id='word_1_161' title='bbox 516 2609 570 2673; x_wconf 75' lang='grc' dir='ltr'><strong><em>καί</em></strong></span> <span class='ocrx_word' id='word_1_162' title='bbox 591 2609 679 2692; x_wconf 82' lang='grc' dir='ltr'><strong><em>παρὰ</em></strong></span> <span class='ocrx_word' id='word_1_163' title='bbox 702 2612 745 2698; x_wconf 78' lang='grc' dir='ltr'><strong>τῷ</strong></span> <span class='ocrx_word' id='word_1_164' title='bbox 759 2613 916 2694; x_wconf 80' lang='grc' dir='ltr'><strong><em>Σοφοκλεῖ</em></strong></span> <span class='ocrx_word' id='word_1_165' title='bbox 934 2611 967 2670; x_wconf 85' lang='grc' dir='ltr'><strong>ἑν</strong></span> <span class='ocrx_word' id='word_1_166' title='bbox 993 2608 1098 2692; x_wconf 76' lang='grc' dir='ltr'><strong><em>χρύσῃ</em></strong></span> <span class='ocrx_word' id='word_1_167' title='bbox 1122 2603 1242 2685; x_wconf 70' lang='lat' dir='ltr'><strong>„rocoa”-</strong></span> 
     </span>
     <span class='ocr_line' id='line_1_22' title="bbox 146 2709 1241 2800; baseline -0.003 -23"><span class='ocrx_word' id='word_1_168' title='bbox 146 2736 198 2788; x_wconf 80' lang='grc' dir='ltr'><strong>τος</strong></span> <span class='ocrx_word' id='word_1_169' title='bbox 223 2710 268 2778; x_wconf 65' lang='grc' dir='ltr'><strong>ὢν</strong></span> <span class='ocrx_word' id='word_1_170' title='bbox 291 2709 393 2798; x_wconf 68' lang='grc' dir='ltr'><strong><em>ἄρξειε</em></strong></span> <span class='ocrx_word' id='word_1_171' title='bbox 411 2720 504 2781; x_wconf 77' lang='lat' dir='ltr'><strong>rodda</strong></span> <span class='ocrx_word' id='word_1_172' title='bbox 528 2721 586 2781; x_wconf 77' lang='grc' dir='ltr'><strong>τοῦ</strong></span> <span class='ocrx_word' id='word_1_173' title='bbox 610 2722 725 2800; x_wconf 73' lang='grc' dir='ltr'><strong><em>κρέως“</em></strong></span> <span class='ocrx_word' id='word_1_174' title='bbox 749 2717 867 2781; x_wconf 74' lang='grc' dir='ltr'><strong><em>ἐνθάδε</em></strong></span> <span class='ocrx_word' id='word_1_175' title='bbox 882 2709 939 2779; x_wconf 74' lang='grc' dir='ltr'><strong>οὖν</strong></span> <span class='ocrx_word' id='word_1_176' title='bbox 963 2715 994 2778; x_wconf 83' lang='grc' dir='ltr'><strong>εἰ</strong></span> <span class='ocrx_word' id='word_1_177' title='bbox 1012 2711 1057 2796; x_wconf 68' lang='grc' dir='ltr'><strong>μὴ</strong></span> <span class='ocrx_word' id='word_1_178' title='bbox 1082 2711 1241 2793; x_wconf 73' lang='grc' dir='ltr'><strong><em>νεναυμά-</em></strong></span> 
     </span>
     <span class='ocr_line' id='line_1_23' title="bbox 146 2820 1242 2908; baseline -0.002 -23"><span class='ocrx_word' id='word_1_179' title='bbox 146 2845 224 2906; x_wconf 79' lang='grc' dir='ltr'><strong>χηκε</strong></span> <span class='ocrx_word' id='word_1_180' title='bbox 245 2827 320 2908; x_wconf 72' lang='grc' dir='ltr'><strong><em>περὶ</em></strong></span> <span class='ocrx_word' id='word_1_181' title='bbox 338 2829 393 2908; x_wconf 78' lang='grc' dir='ltr'><strong>τῆς</strong></span> <span class='ocrx_word' id='word_1_182' title='bbox 410 2820 527 2890; x_wconf 77' lang='grc' dir='ltr'><strong><em>ἑαυτοῦ</em></strong></span> <span class='ocrx_word' id='word_1_183' title='bbox 544 2829 669 2908; x_wconf 74' lang='grc' dir='ltr'><em>ψυχῆς·</em></span> <span class='ocrx_word' id='word_1_184' title='bbox 692 2821 734 2900; x_wconf 68' lang='grc' dir='ltr'><strong>οἷς</strong></span> <span class='ocrx_word' id='word_1_185' title='bbox 756 2827 830 2889; x_wconf 81' lang='grc' dir='ltr'><strong><em>ποτὲ</em></strong></span> <span class='ocrx_word' id='word_1_186' title='bbox 851 2823 1116 2907; x_wconf 31' lang='grc' dir='ltr'><strong><em>τῶνιἊθρναίων</em></strong></span> <span class='ocrx_word' id='word_1_187' title='bbox 1138 2843 1171 2884; x_wconf 75' lang='grc' dir='ltr'><strong>εν</strong></span> <span class='ocrx_word' id='word_1_188' title='bbox 1186 2843 1242 2884; x_wconf 81' lang='lat' dir='ltr'><strong>rra-</strong></span> 
     </span>
     <span class='ocr_line' id='line_1_24' title="bbox 149 2931 1244 3018; baseline -0.001 -24"><span class='ocrx_word' id='word_1_189' title='bbox 149 2931 290 3013; x_wconf 82' lang='grc' dir='ltr'><strong><em>ρκοτοὶσει</em></strong></span> <span class='ocrx_word' id='word_1_190' title='bbox 304 2939 486 3016; x_wconf 76' lang='grc' dir='ltr'><strong>Ιγενομένων</strong></span> <span class='ocrx_word' id='word_1_191' title='bbox 501 2933 556 2999; x_wconf 76' lang='grc' dir='ltr'><strong><em>καί</em></strong></span> <span class='ocrx_word' id='word_1_192' title='bbox 576 2935 656 3018; x_wconf 71' lang='grc' dir='ltr'><strong><em>ὑπὲρ</em></strong></span> <span class='ocrx_word' id='word_1_193' title='bbox 680 2939 742 2999; x_wconf 83' lang='grc' dir='ltr'><strong>τῶν</strong></span> <span class='ocrx_word' id='word_1_194' title='bbox 754 2939 870 3016; x_wconf 56' lang='lat' dir='ltr'><strong>pepon</strong></span> <span class='ocrx_word' id='word_1_195' title='bbox 889 2934 1126 3014; x_wconf 77' lang='grc' dir='ltr'><strong><em>ἀγωνιζομένων</em></strong></span> <span class='ocrx_word' id='word_1_196' title='bbox 1149 2953 1244 3014; x_wconf 82' lang='grc' dir='ltr'><strong><em>προο-</em></strong></span> 
     </span>
     <span class='ocr_line' id='line_1_25' title="bbox 150 3040 1243 3128; baseline 0.002 -24"><span class='ocrx_word' id='word_1_197' title='bbox 150 3045 258 3122; x_wconf 77' lang='grc' dir='ltr'><strong><em>λαβεῖν</em></strong></span> <span class='ocrx_word' id='word_1_198' title='bbox 279 3042 351 3116; x_wconf 80' lang='grc' dir='ltr'><strong>τούς</strong></span> <span class='ocrx_word' id='word_1_199' title='bbox 370 3043 500 3119; x_wconf 80' lang='grc' dir='ltr'><strong><em>δούλους</em></strong></span> <span class='ocrx_word' id='word_1_200' title='bbox 523 3045 577 3110; x_wconf 78' lang='grc' dir='ltr'>καί</span> <span class='ocrx_word' id='word_1_201' title='bbox 596 3040 729 3128; x_wconf 69' lang='grc' dir='ltr'><strong><em>ὕστερον</em></strong></span> <span class='ocrx_word' id='word_1_202' title='bbox 750 3045 935 3126; x_wconf 75' lang='grc' dir='ltr'><strong><em>ἐλευθερίας</em></strong></span> <span class='ocrx_word' id='word_1_203' title='bbox 950 3043 1084 3120; x_wconf 82' lang='grc' dir='ltr'><strong><em>α’ξιοόσονι</em></strong></span> <span class='ocrx_word' id='word_1_204' title='bbox 1104 3042 1243 3106; x_wconf 84' lang='lat' dir='ltr'><strong>diversas</strong></span> 
     </span>
     <span class='ocr_line' id='line_1_26' title="bbox 151 3149 1245 3236; baseline -0.002 -21"><span class='ocrx_word' id='word_1_205' title='bbox 151 3151 377 3234; x_wconf 89' lang='lat' dir='ltr'><strong>Aristophanei-</strong></span> <span class='ocrx_word' id='word_1_206' title='bbox 393 3153 455 3216; x_wconf 91' lang='lat' dir='ltr'><strong>loci</strong></span> <span class='ocrx_word' id='word_1_207' title='bbox 476 3155 742 3236; x_wconf 80' lang='lat' dir='ltr'><strong>interpretationes</strong></span> <span class='ocrx_word' id='word_1_208' title='bbox 767 3153 939 3234; x_wconf 88' lang='lat' dir='ltr'><strong>contineri,</strong></span> <span class='ocrx_word' id='word_1_209' title='bbox 958 3153 1113 3234; x_wconf 87' lang='lat' dir='ltr'><strong>verbaque</strong></span> <span class='ocrx_word' id='word_1_210' title='bbox 1135 3149 1245 3216; x_wconf 86' lang='lat' dir='ltr'><strong>scholii</strong></span> 
     </span>
     <span class='ocr_line' id='line_1_27' title="bbox 152 3255 1244 3346; baseline 0.002 -24"><span class='ocrx_word' id='word_1_211' title='bbox 152 3261 223 3326; x_wconf 89' lang='lat' dir='ltr'><strong>inde</strong></span> <span class='ocrx_word' id='word_1_212' title='bbox 244 3263 282 3326; x_wconf 84' lang='lat' dir='ltr'><strong>eh</strong></span> <span class='ocrx_word' id='word_1_213' title='bbox 299 3261 414 3327; x_wconf 75' lang='grc' dir='ltr'><strong><em>ἐνθάδε</em></strong></span> <span class='ocrx_word' id='word_1_214' title='bbox 434 3255 602 3346; x_wconf 77' lang='lat' dir='ltr'><strong>cdv-usque</strong></span> <span class='ocrx_word' id='word_1_215' title='bbox 615 3267 654 3330; x_wconf 92' lang='lat' dir='ltr'><strong>ad</strong></span> <span class='ocrx_word' id='word_1_216' title='bbox 674 3268 807 3344; x_wconf 81' lang='grc' dir='ltr'><strong><em>αξαὸσαι</em></strong></span> <span class='ocrx_word' id='word_1_217' title='bbox 824 3283 887 3328; x_wconf 88' lang='lat' dir='ltr'><strong>non</strong></span> <span class='ocrx_word' id='word_1_218' title='bbox 902 3282 941 3327; x_wconf 89' lang='lat' dir='ltr'><strong>ex</strong></span> <span class='ocrx_word' id='word_1_219' title='bbox 953 3263 1127 3327; x_wconf 87' lang='lat' dir='ltr'><strong>Aristarchi</strong></span> <span class='ocrx_word' id='word_1_220' title='bbox 1143 3267 1244 3324; x_wconf 90' lang='lat' dir='ltr'><strong>mente</strong></span> 
     </span>
     <span class='ocr_line' id='line_1_28' title="bbox 151 3371 1247 3458; baseline -0.001 -24"><span class='ocrx_word' id='word_1_221' title='bbox 151 3371 290 3451; x_wconf 79' lang='lat' dir='ltr'><strong>profecta</strong></span> <span class='ocrx_word' id='word_1_222' title='bbox 312 3388 400 3453; x_wconf 66' lang='lat' dir='ltr'><strong>essa·</strong></span> <span class='ocrx_word' id='word_1_223' title='bbox 415 3380 448 3436; x_wconf 86' lang='lat' dir='ltr'><strong>ut</strong></span> <span class='ocrx_word' id='word_1_224' title='bbox 470 3375 594 3438; x_wconf 90' lang='lat' dir='ltr'><strong>credam</strong></span> <span class='ocrx_word' id='word_1_225' title='bbox 617 3377 721 3458; x_wconf 89' lang='lat' dir='ltr'><strong>specie</strong></span> <span class='ocrx_word' id='word_1_226' title='bbox 745 3375 874 3456; x_wconf 86' lang='lat' dir='ltr'><strong>quadarn</strong></span> <span class='ocrx_word' id='word_1_227' title='bbox 896 3373 1082 3438; x_wconf 83' lang='lat' dir='ltr'><strong>diversitatis</strong></span> <span class='ocrx_word' id='word_1_228' title='bbox 1104 3389 1167 3435; x_wconf 91' lang='lat' dir='ltr'><strong>non</strong></span> <span class='ocrx_word' id='word_1_229' title='bbox 1189 3371 1247 3434; x_wconf 89' lang='lat' dir='ltr'><strong>ad-</strong></span> 
     </span>
     <span class='ocr_line' id='line_1_29' title="bbox 151 3478 1248 3566; baseline 0.003 -25"><span class='ocrx_word' id='word_1_230' title='bbox 151 3478 262 3543; x_wconf 88' lang='lat' dir='ltr'><strong>ducor.</strong></span> <span class='ocrx_word' id='word_1_231' title='bbox 306 3479 399 3546; x_wconf 88' lang='lat' dir='ltr'><strong>Immo</strong></span> <span class='ocrx_word' id='word_1_232' title='bbox 423 3483 640 3565; x_wconf 89' lang='lat' dir='ltr'><strong>Aristarchus,</strong></span> <span class='ocrx_word' id='word_1_233' title='bbox 663 3491 696 3547; x_wconf 92' lang='lat' dir='ltr'><strong>ut</strong></span> <span class='ocrx_word' id='word_1_234' title='bbox 716 3487 852 3549; x_wconf 87' lang='lat' dir='ltr'><strong>rariores</strong></span> <span class='ocrx_word' id='word_1_235' title='bbox 873 3503 902 3547; x_wconf 55' lang='lat' dir='ltr'><strong>vr</strong></span> <span class='ocrx_word' id='word_1_236' title='bbox 927 3484 1023 3565; x_wconf 78' lang='grc' dir='ltr'><strong><em>κρέας</em></strong></span> <span class='ocrx_word' id='word_1_237' title='bbox 1044 3480 1248 3566; x_wconf 81' lang='lat' dir='ltr'><strong>significatio-</strong></span> 
     </span>
     <span class='ocr_line' id='line_1_30' title="bbox 155 3589 1248 3678; baseline 0.004 -28"><span class='ocrx_word' id='word_1_238' title='bbox 155 3605 210 3656; x_wconf 84' lang='lat' dir='ltr'><strong>nes</strong></span> <span class='ocrx_word' id='word_1_239' title='bbox 229 3607 290 3652; x_wconf 89' lang='lat' dir='ltr'><strong>uno</strong></span> <span class='ocrx_word' id='word_1_240' title='bbox 313 3589 343 3652; x_wconf 93' lang='lat' dir='ltr'><strong>in</strong></span> <span class='ocrx_word' id='word_1_241' title='bbox 366 3592 436 3656; x_wconf 88' lang='lat' dir='ltr'><strong>loco</strong></span> <span class='ocrx_word' id='word_1_242' title='bbox 458 3593 619 3678; x_wconf 85' lang='lat' dir='ltr'><strong>colligeret</strong></span> <span class='ocrx_word' id='word_1_243' title='bbox 640 3595 767 3677; x_wconf 85' lang='lat' dir='ltr'><strong>primunr</strong></span> <span class='ocrx_word' id='word_1_244' title='bbox 790 3593 1014 3672; x_wconf 85' lang='lat' dir='ltr'><strong>animadvertit,</strong></span> <span class='ocrx_word' id='word_1_245' title='bbox 1039 3591 1118 3654; x_wconf 88' lang='lat' dir='ltr'><strong>hanc</strong></span> <span class='ocrx_word' id='word_1_246' title='bbox 1138 3607 1248 3654; x_wconf 86' lang='lat' dir='ltr'><strong>vocem</strong></span> 
     </span>
     <span class='ocr_line' id='line_1_31' title="bbox 154 3701 1249 3787; baseline 0.001 -25"><span class='ocrx_word' id='word_1_247' title='bbox 154 3713 376 3780; x_wconf 87' lang='lat' dir='ltr'><strong>saepenumero</strong></span> <span class='ocrx_word' id='word_1_248' title='bbox 389 3702 427 3767; x_wconf 86' lang='lat' dir='ltr'><strong>de</strong></span> <span class='ocrx_word' id='word_1_249' title='bbox 439 3705 620 3786; x_wconf 83' lang='lat' dir='ltr'><strong>corporibus</strong></span> <span class='ocrx_word' id='word_1_250' title='bbox 632 3707 784 3787; x_wconf 89' lang='lat' dir='ltr'><strong>usurpari,</strong></span> <span class='ocrx_word' id='word_1_251' title='bbox 800 3706 884 3770; x_wconf 88' lang='lat' dir='ltr'><strong>cuius</strong></span> <span class='ocrx_word' id='word_1_252' title='bbox 898 3701 1249 3787; x_wconf 83' lang='lat' dir='ltr'><strong>significationiserrem-</strong></span> 
     </span>
     <span class='ocr_line' id='line_1_32' title="bbox 158 3953 1250 4048; baseline -0.018 -13"><span class='ocrx_word' id='word_1_253' title='bbox 158 3961 216 4015; x_wconf 59' lang='grc' dir='ltr'><strong>Τῶν</strong></span> <span class='ocrx_word' id='word_1_254' title='bbox 238 3961 346 4033; x_wconf 59' lang='grc' dir='ltr'><strong><em>κρεῶνῗ</em></strong></span> <span class='ocrx_word' id='word_1_255' title='bbox 369 3960 383 4020; x_wconf 72' lang='grc' dir='ltr'>ὅ</span> <span class='ocrx_word' id='word_1_256' title='bbox 402 3963 433 4019; x_wconf 60' lang='grc' dir='ltr'><strong>δὲ</strong></span> <span class='ocrx_word' id='word_1_257' title='bbox 448 3965 542 4028; x_wconf 69' lang='lat' dir='ltr'><strong>&#39;liceis‘</strong></span> <span class='ocrx_word' id='word_1_258' title='bbox 559 3961 669 4040; x_wconf 73' lang='lat' dir='ltr'><strong>ypdrprr</strong></span> <span class='ocrx_word' id='word_1_259' title='bbox 687 3955 738 4034; x_wconf 65' lang='lat' dir='ltr'><strong>ripa</strong></span> <span class='ocrx_word' id='word_1_260' title='bbox 756 3953 823 4038; x_wconf 70' lang='lat' dir='ltr'><strong>napi</strong></span> <span class='ocrx_word' id='word_1_261' title='bbox 841 3969 896 4021; x_wconf 77' lang='grc' dir='ltr'><strong>τῶν</strong></span> <span class='ocrx_word' id='word_1_262' title='bbox 914 3965 1037 4038; x_wconf 80' lang='grc' dir='ltr'><strong><em>νενρῶν·</em></strong></span> <span class='ocrx_word' id='word_1_263' title='bbox 1062 3964 1117 4019; x_wconf 77' lang='grc' dir='ltr'><strong>κῶν</strong></span> <span class='ocrx_word' id='word_1_264' title='bbox 1137 3963 1168 4048; x_wconf 64' lang='grc' dir='ltr'><strong>ἐν</strong></span> <span class='ocrx_word' id='word_1_265' title='bbox 1184 3959 1250 4032; x_wconf 81' lang='grc' dir='ltr'><strong>’Λρ-</strong></span> 
     </span>
     <span class='ocr_line' id='line_1_33' title="bbox 158 4055 1252 4136; baseline -0.01 -15"><span class='ocrx_word' id='word_1_266' title='bbox 158 4056 311 4129; x_wconf 74' lang='lat' dir='ltr'><strong>ytrodocrr</strong></span> <span class='ocrx_word' id='word_1_267' title='bbox 331 4059 463 4134; x_wconf 70' lang='grc' dir='ltr'><strong><em>ἀτάφων,</em></strong></span> <span class='ocrx_word' id='word_1_268' title='bbox 481 4061 552 4136; x_wconf 74' lang='lat' dir='ltr'><strong>tineo</strong></span> <span class='ocrx_word' id='word_1_269' title='bbox 573 4055 613 4119; x_wconf 80' lang='grc' dir='ltr'><strong>ὧν</strong></span> <span class='ocrx_word' id='word_1_270' title='bbox 632 4061 813 4136; x_wconf 67' lang='grc' dir='ltr'><strong><em>ἀνῃρέθησαν</em></strong></span> <span class='ocrx_word' id='word_1_271' title='bbox 831 4065 860 4118; x_wconf 79' lang='grc' dir='ltr'><strong>οἱ</strong></span> <span class='ocrx_word' id='word_1_272' title='bbox 877 4068 1034 4135; x_wconf 75' lang='grc' dir='ltr'><strong><em>στρατηγοί.</em></strong></span> <span class='ocrx_word' id='word_1_273' title='bbox 1054 4058 1252 4112; x_wconf 76' lang='lat' dir='ltr'><strong>infelicissimae</strong></span> 
     </span>
     <span class='ocr_line' id='line_1_34' title="bbox 151 4149 1253 4230; baseline 0.001 -24"><span class='ocrx_word' id='word_1_274' title='bbox 151 4157 334 4211; x_wconf 72' lang='lat' dir='ltr'><strong>&#39;coniecturae&#39;</strong></span> <span class='ocrx_word' id='word_1_275' title='bbox 346 4157 519 4212; x_wconf 78' lang='lat' dir='ltr'><strong>infeliciorem</strong></span> <span class='ocrx_word' id='word_1_276' title='bbox 537 4162 776 4230; x_wconf 83' lang='lat' dir='ltr'><strong>interpretationem</strong></span> <span class='ocrx_word' id='word_1_277' title='bbox 794 4149 826 4212; x_wconf 84' lang='lat' dir='ltr'><strong>air</strong></span> <span class='ocrx_word' id='word_1_278' title='bbox 843 4157 984 4228; x_wconf 88' lang='lat' dir='ltr'><strong>Apollonio</strong></span> <span class='ocrx_word' id='word_1_279' title='bbox 1003 4157 1168 4228; x_wconf 82' lang='lat' dir='ltr'><strong>grammatice</strong></span> <span class='ocrx_word' id='word_1_280' title='bbox 1189 4167 1253 4224; x_wconf 84' lang='lat' dir='ltr'><strong>pro-</strong></span> 
     </span>
     <span class='ocr_line' id='line_1_35' title="bbox 160 4250 1240 4332; baseline 0.004 -26"><span class='ocrx_word' id='word_1_281' title='bbox 160 4250 254 4308; x_wconf 84' lang='lat' dir='ltr'><strong>tectam</strong></span> <span class='ocrx_word' id='word_1_282' title='bbox 275 4265 425 4332; x_wconf 81' lang='lat' dir='ltr'><strong>arse-patet</strong></span> <span class='ocrx_word' id='word_1_283' title='bbox 443 4274 476 4314; x_wconf 78' lang='lat' dir='ltr'><strong>ex</strong></span> <span class='ocrx_word' id='word_1_284' title='bbox 495 4257 579 4320; x_wconf 77' lang='lat' dir='ltr'><strong>schot.</strong></span> <span class='ocrx_word' id='word_1_285' title='bbox 597 4257 662 4316; x_wconf 82' lang='lat' dir='ltr'><strong>han.</strong></span> <span class='ocrx_word' id='word_1_286' title='bbox 684 4257 746 4320; x_wconf 74' lang='lat'><strong>423.</strong></span> <span class='ocrx_word' id='word_1_287' title='bbox 767 4259 801 4314; x_wconf 84' lang='lat' dir='ltr'><strong>ci.</strong></span> <span class='ocrx_word' id='word_1_288' title='bbox 819 4255 953 4314; x_wconf 68' lang='lat' dir='ltr'><strong>ursaceus</strong></span> <span class='ocrx_word' id='word_1_289' title='bbox 970 4257 989 4316; x_wconf 87' lang='lat' dir='ltr'><strong>t.</strong></span> <span class='ocrx_word' id='word_1_290' title='bbox 1008 4256 1026 4312; x_wconf 88' lang='lat'><strong>1.</strong></span> <span class='ocrx_word' id='word_1_291' title='bbox 1048 4253 1151 4330; x_wconf 50' lang='lat' dir='ltr'><strong>pothi.</strong></span> <span class='ocrx_word' id='word_1_292' title='bbox 1235 4319 1240 4328; x_wconf 41' lang='grc'><strong>,</strong></span> 
     </span>
    </p>
   </div>
   <div class='ocr_carea' id='block_1_5' title="bbox 0 0 1437 4724">
    <p class='ocr_par' dir='ltr' id='par_1_5' title="bbox 0 0 1437 4724">
     <span class='ocr_line' id='line_1_36' title="bbox 0 0 1437 4724; baseline 0 0"><span class='ocrx_word' id='word_1_293' title='bbox 0 0 1437 4724; x_wconf 95' lang='lat' dir='ltr'><strong> </strong></span> 
     </span>
    </p>
   </div>
  </div>
 </body>
</html>
