2802 4724
624 311 849 392 ..q-

188 493 289 590 qaaiia'
309 491 524 588 ὄπόμνῆματα
545 505 605 570 ista
627 503 861 587 excerpentihua
883 502 1145 592 suppeditassent,¹
1166 517 1287 600 magno

189 633 264 698 pere
293 613 462 680 abhorrere
484 612 624 678 videatur
647 613 698 693 ei,
722 613 774 696 qui
801 614 900 696 ipsum
926 613 999 678 illud
1027 613 1201 701 ὑπόμνημα
1223 623 1283 686 do.

190 723 335 788 ctissimis
356 722 632 804 antiquissimorum
647 721 844 804 interpretum
858 724 1121 790 observationibus
1135 728 1282 794 refertum

173 823 283 900 'misse
304 833 363 898 sihi
382 831 534 916 persuasit
550 841 595 912 (p.
607 830 676 912 16).
693 831 904 898 Confitendum
925 834 1018 917 igitur
1038 841 1095 914 est,
1118 841 1201 899 certa
1223 836 1281 899 de-

187 961 258 1010 esse
278 947 468 1026 argnmenta‚
487 940 597 1022 quihus
619 941 846 1006 demonstretur
863 943 1110 1009 commentarium
1133 943 1282 1029 singulari

187 1053 279 1117 modo
312 1052 434 1114 citatum
462 1069 501 1114 ex
523 1049 562 1113 iis
592 1049 754 1131 hausisse,
774 1067 914 1133 quorum
945 1053 1054 1135 plurali
1079 1054 1172 1118 modo
1194 1053 1283 1118 exci-

186 1169 265 1227 tatur
293 1149 450 1224 memoria.
493 1156 539 1224 De
563 1175 623 1241 quo
651 1161 743 1226 unico
769 1161 1003 1228 scholiastarum
1032 1170 1169 1230 veterum
1197 1165 1283 1228 tonte

188 1259 260 1352 quid
280 1269 386 1333 valere
408 1267 527 1350 possint
547 1267 697 1333 Eustathii
716 1271 833 1351 5154,
855 1269 898 1335 36
918 1271 999 1354 Lips.
1020 1274 1131 1338 verba:
1166 1271 1209 1348 ὥς
1228 1272 1284 1336 aci

186 1376 203 1440 ὅ
224 1375 360 1459 κωμικὸς
389 1372 445 1440 καὶ
464 1369 480 1438 ὅ
504 1378 569 1441 κατ’
592 1375 691 1442 αὐτὸν
717 1377 1005 1461 ὖπομνηματισμὸς
1026 1381 1060 1443 dv
1081 1379 1128 1466 aqi
1143 1375 1282 1468 Πλούτῳ

185 1487 278 1571 δηλοῖ
294 1501 421 1568 prorsus
439 1485 523 1564 latet,
544 1485 627 1550 unde
649 1486 781 1550 sirecte
802 1486 961 1551 concludis
973 1487 1123 1551 Eustathii
1143 1493 1282 1568 tempore

182 1595 306 1658 unicum
315 1594 524 1659 tantummodo
535 1593 791 1678 Aristophaneum
804 1595 1054 1660 commentarium
1065 1595 1162 1660 luisse
1172 1613 1283 1677 soper-

182 1703 293 1783 stitem,
310 1700 385 1766 nihil
399 1709 501 1768 tamen
517 1703 556 1768 de
567 1704 801 1770 scholiastarum
815 1710 954 1788 tempore
971 1705 1135 1787 lucramur,
1154 1721 1282 1787 quorum

183 1811 412 1892 antiquissimos
425 1809 584 1876 Eustathio
608 1813 796 1892 antiquiores
818 1814 915 1878 luisse
934 1815 961 1878 is
984 1815 1159 1880 concedere
1178 1814 1280 1892 dehet,

183 1937 272 2003 quem
294 1937 357 1984 non
379 1919 479 2004 iugit,
503 1937 571 1984 eum
594 1920 633 1984 ad
658 1918 705 1983 0d
728 1921 765 1999 d,
787 1920 828 1983 73
848 1938 878 2001 p.
899 1922 980 1984 1483
1008 1929 1112 2002 aperte
1135 1922 1280 1985 laudasse

181 2027 259 2103 τούς
278 2029 335 2093 τοῦ
356 2027 498 2110 κωμικοῦ
521 2025 735 2108 σχολιαστάς,
754 2025 933 2109 plerumque
962 2028 1113 2090 incertum
1143 2043 1279 2105 manere,

183 2139 322 2220 ipsumne
349 2144 485 2204 veterem
511 2137 706 2220 interpretem
735 2155 775 2202 an
805 2137 872 2200 eius
900 2141 1070 2200 sectatores
1090 2135 1278 2202 scholiastae

181 2253 326 2330 sequutus
348 2246 388 2311 sit
408 2247 465 2326 (ci.
478 2245 570 2312 Schn.
591 2265 620 2328 p.
633 2244 675 2309 30
689 2249 719 2308 et
732 2261 820 2325 quem
844 2243 987 2308 conferre
1008 2243 1093 2308 iubet
1105 2243 1276 2308 llemsterh.

181 2357 220 2421 ad
243 2357 282 2419 Pl.
305 2374 334 2436 p.
354 2356 423 2419 153.
450 2355 518 2418 187.
544 2354 612 2417 183.
635 2353 697 2418 340
721 2359 797 2432 ete.)
840 2351 946 2436 Neque
968 2360 1041 2436 puto
1062 2359 1122 2418 tam
1145 2357 1276 2418 accura-

179 2471 242 2528 tum
264 2464 383 2545 sibique
415 2468 605 2526 constantem
629 2461 811 2545 scriptorem
832 2463 1021 2528 Eustathium
1044 2463 1151 2528 haberi
1171 2481 1275 2545 posset

180 2581 213 2638 ut
249 2591 403 2655 nunquam
439 2567 727 2656 duopaqpcuopod
755 2571 805 2636 vei
840 2570 1121 2656 o‘nopaoqpcractoai
1152 2572 1277 2634 nomine

183 2684 367 2749 scholiastes
401 2681 595 2766 insigniverit
624 2693 684 2764 quo
718 2682 750 2745 in
771 2679 869 2766 Etym.
896 2681 935 2746 ll.
962 2682 1027 2764 ipsa
1049 2681 1276 2762 Aristophanea

183 2793 302 2858 scholia
323 2792 508 2877 significari,
531 2809 624 2856 unum
648 2809 796 2874 apponam
825 2791 995 2873 exemplum
1016 2792 1140 2873 p.197‚
1162 2791 1205 2853 48
1226 2788 1275 2853 ed.

181 2903 296 2983 Galli,
320 2903 374 2966 ubi
404 2901 526 2966 verbis:
560 2898 646 2983 παρὰ
675 2900 711 2964 τὸ
740 2895 808 2981 βίος
833 2902 920 2964 ἐστίν
946 2897 989 2972 ὥς
1010 2900 1044 2962 ἕν
1073 2898 1277 2982 ὑπομνήματι

176 3009 430 3098 Ἀριστοφάνους
457 3015 562 3092 aperte
583 3009 687 3076 Schol.
716 3008 811 3073 Arist.
844 3025 911 3074 ran.
940 3009 1002 3074 751
1031 3008 1181 3074 excitatur
1208 3025 1277 3072 mee

180 3121 278 3186 morio
299 3128 336 3200 ¹).
582 3187 584 3192 ,
1040 3193 1047 3202 .

184 3213 186 3216 ⁵
280 3232 327 3296 De
352 3231 547 3315 amplitudine
567 3228 789 3309 commentarii,
810 3245 900 3312 quam
918 3226 1045 3292 instituit
1066 3225 1275 3308 quaestionem

180 3342 254 3407 inde
276 3360 293 3405 a
314 3359 390 3426 pag.
410 3327 471 3420 31,
502 3340 562 3403 hoc
588 3339 659 3404 loco
690 3351 766 3403 sane
788 3337 958 3421 praeterire
976 3352 1157 3417 possumus,
1184 3333 1275 3417 quoni

113 3477 115 3480 ·
179 3467 306 3538 prorsus
329 3451 367 3515 ab
388 3450 526 3523 instituto
547 3455 653 3513 nostro
677 3447 807 3513 alienum
829 3446 869 3511 sit
890 3451 1064 3509 accuratum
1088 3443 1276 3510 de'Schnei-

182 3563 310 3627 deriano
330 3558 447 3623 ‘libello
479 3557 623 3622 iudicium
652 3556 809 3622 exhihere.
860 3555 926 3619 lioc
957 3561 1058 3618 tamen
1091 3554 1276 3619 monendum

182 3677 252 3761 est,
273 3675 386 3750 totum,
406 3655 466 3750 qno
490 3669 603 3732 nitatur
625 3663 1097 3751 argumentatiofundamentum
1119 3664 1274 3729 vacillare.

182 3755 270 3856 ouon
298 3796 389 3862 quum
410 3777 542 3859 positum
564 3776 604 3840 sn
626 3777 657 3840 an
679 3776 777 3857 roas,
800 3776 832 3838 n
853 3775 962 3858 mnus
985 3775 1024 3840 aa
1051 3775 1130 3840 artus
1154 3769 1276 3837 rasurae

186 3931 472 3951 mn—b———n

286 4041 313 4108 1)
332 4035 470 4092 Praeterea
493 4036 592 4091 scholia
613 4038 639 4089 in
659 4035 742 4104 Etpm.
765 4036 799 4090 hi.
824 4038 1018 4113 ὑπομνήματα
1043 4033 1162 4088 audiunt:
1188 4029 1276 4084 Iliadis

131 4209 134 4215 .
183 4152 210 4208 p.
223 4137 264 4204 10,
282 4136 314 4202 4;
335 4137 377 4202 15,
395 4135 438 4188 53.
461 4135 505 4200 36,
522 4133 566 4188 43.
585 4135 628 4201 47,
647 4135 691 4188 ta.
710 4134 754 4202 85,
772 4132 798 4188 7.
818 4135 880 4201 566,
899 4133 940 4186 16.
960 4140 986 4185 et
1003 4130 1065 4184 alihi
1084 4129 1179 4184 Aesch.
1193 4129 1276 4192 Pron.

183 4251 210 4314 p·
228 4232 291 4303 690,
313 4233 355 4288 13.
376 4231 554 4304 Lycophronis
575 4247 601 4305 p.
622 4231 664 4302 76,
683 4232 726 4288 ot.
748 4232 807 4302 164,
824 4232 859 4288 26
880 4239 906 4284 at
926 4227 995 4284 alibi.
