2802 4724
564 369 848 445 *ny-s·

136 563 345 642 conparatum
366 550 565 641 reperiamus,
588 558 753 641 repudiatis
775 556 922 622 tortuosis
945 545 1106 640 argutandl
1125 541 1232 619 amba't

135 670 227 753 gibus
249 669 487 750 incorruptoque
507 669 622 733 iudicio
645 669 696 732 illa
717 669 889 732 testimonia
913 672 1151 748 perscrutantes,
1167 681 1229 730 uon

138 775 379 846 Scholiastarum
399 773 516 840 ⁴alienis
539 777 647 858 opibus
677 795 748 841 sese
771 777 986 840 ostentantium
1014 775 1170 853 fraudem,
1195 807 1231 824 -

138 887 227 951 caius
252 894 312 958 cura
328 887 397 951 allis
416 886 496 952 locis
521 887 606 954 obliti
630 894 734 952 essent
761 901 823 950 non
852 885 1094 968 intelligeretur,
1115 917 1154 930 -u
1178 883 1234 948 sad

141 997 335 1074 diversorum
355 997 623 1078 interpretamenta
655 996 901 1060 consarcinantis
923 1013 1042 1059 manum
1064 987 1235 1058 certissime

139 1097 357 1190 agnoscemus.
406 1108 508 1188 ltaque
530 1108 645 1174 habere
667 1108 786 1185 videor,
811 1123 865 1169 cur
889 1105 1023 1168 admirer
1045 1101 1234 1184 Bernhardpl

138 1216 294 1280 iudicium
309 1223 373 1298 (gr.
397 1215 594 1282 litt-Gescb.
608 1217 635 1280 ll
656 1233 685 1297 p.
702 1213 806 1294 9970:
828 1216 921 1296 ,Dcm
942 1214 1140 1297 Symmachus
1161 1231 1237 1277 ver-

142 1323 242 1390 dankt
268 1341 337 1388 man
361 1324 403 1386 in¹
421 1327 477 1388 der
496 1325 572 1388 That
601 1326 651 1388 die
681 1325 909 1389 werthvollsten
933 1325 1061 1389 Notiaen
1084 1325 1146 1388 und
1168 1324 1237 1387 eine

139 1433 290 1497 kritiscbe
310 1433 500 1518 Mitllreilung
522 1434 578 1498 der
598 1435 793 1518 wichtigslen
813 1431 983 1498 Ansicbten
997 1455 1006 1513 3
1021 1433 1116 1497 *doch
1137 1433 1237 1497 nichts

139 1543 317 1624 berecbtigt
337 1541 376 1606 u'u
398 1541 454 1606 der
466 1537 637 1622 Annahme,
661 1541 1029 1608 dass‘sein‘commentar
1047 1543 1098 1606 die
1117 1543 1239 1624 einaige

146 1651 255 1727 Ouelle
274 1652 339 1716 sei“
363 1659 392 1715 el
415 1652 517 1733 paullo
539 1651 637 1716 inira:
660 1653 719 1733 ,lm
736 1653 891 1737 Uebrigen
913 1653 1029 1736 gingen
1051 1653 1119 1716 bier
1139 1648 1239 1732 Didy-

140 1779 208 1826 mus
228 1763 288 1824 und
312 1761 531 1844 Symmachus,
565 1762 659 1826 deren
683 1763 895 1826 commentare
927 1763 993 1826 sich
1023 1753 1163 1825 ziemlich
1187 1759 1237 1822 die

142 1871 243 1954 Wagc
265 1871 370 1936 holten
395 1871 538 1933 mochten
565 1872 664 1936 neben
690 1872 856 1950 einander;
887 1873 978 1955 jener
1001 1872 1041 1935 ist
1061 1869 1142 1934 noch
1166 1868 1238 1932 elli·¹

141 1981 261 2044 chemel
279 1997 334 2044 aus
356 1981 768 2066 gewissenVerweisungen
790 1999 827 2044 nu
844 1981 1016 2055 erhennen;
1041 1981 1145 2044 dieser
1160 1977 1238 2042 wird

140 2089 330 2153 rnindestens
351 2106 413 2152 von
432 2087 549 2152 Herod.
573 2091 647 2170 napi
667 2109 736 2168 μον.
761 2093 820 2167 tat.
843 2108 871 2170 p.
886 2087 927 2154 39
950 2089 1114 2152 erwihnt‘.

192 2221 195 2228 ·
244 2197 403 2272 Quande
425 2197 576 2275 ionhbus,
603 2217 642 2260 ex
667 2197 776 2278 quibus
801 2203 938 2262 aeterum
960 2197 1238 2260 Alexandrinorum

143 2307 413 2392 grammaticorum
436 2306 668 2386 obseruationes
695 2303 886 2370 scholiastae
902 2301 1080 2384 hauserint,
1112 2312 1240 2372 senten-

144 2418 220 2478 tiam
257 2413 370 2494 optime
399 2415 555 2479 confirmat
590 2415 736 2478 disertum
775 2415 845 2479 cod.
878 2417 954 2479 Ven.
983 2414 1240 2497 subscriptionum

146 2523 371 2604 testimouium,
394 2525 422 2588 si
445 2526 567 2606 quidem
590 2525 641 2604 iis,
665 2542 742 2605 quae
764 2524 911 2590 hactenus
936 2533 1042 2590 contra
1064 2525 1239 2590 Schneide-

140 2651 208 2696 rum
225 2632 379 2714 disputata
407 2639 476 2696 sunt
500 2633 642 2697 effectum
665 2639 734 2714 est,
756 2639 790 2696 ut
810 2635 868 2698 ista
893 2625 998 2699 ἄλλων
1025 2636 1137 2714 τινῶν,
1162 2650 1239 2716 quos

140 2741 227 2807 addit
241 2742 318 2808 Nob.
342 2743 526 2825 subscriptio
547 2743 837 2808 commemoratione
858 2744 897 2807 ad
920 2743 1107 2824 antiquiores
1125 2745 1237 2826 potius,

143 2869 234 2934 quam
255 2851 446 2916 recentiores
469 2853 649 2934 Symmacho
673 2853 871 2936 interpretes,
892 2852 922 2916 id
947 2853 1028 2934 quod
1049 2853 1243 2942 Schneidero

140 2980 171 3044 p.
192 2963 251 3024 lou
281 2961 412 3042 placuit,
442 2962 559 3024 animus
591 2962 716 3025 lerator.
762 2959 901 3028 Omnium
936 2967 1036 3026 autem
1068 2963 1240 3027 rectissime

142 3070 247 3133 Phaini
268 3071 461 3152 grammatici
489 3071 615 3135 duarum
638 3071 808 3136 fabularum
832 3071 1106 3153 subscriptionibus
1126 3071 1244 3153 optime

143 3179 351 3244 confirmatam
370 3180 493 3244 retinuit
506 3180 680 3244 bindorlius
695 3187 732 3257 ¹).
763 3181 857 3256 Quem
879 3187 911 3243 ut
931 3182 1161 3262 grammaticum
1183 3199 1241 3246 sa-

143 3288 183 3352 tis
205 3294 362 3352 recentem
384 3307 442 3354 nec
462 3289 583 3352 doctum
605 3290 702 3370 proba
719 3307 778 3354 nec
800 3289 837 3352 ab
858 3289 988 3371 antiquis
1010 3289 1042 3352 in
1056 3291 1241 3372 Aristopha-

143 3415 215 3461 nem
237 3398 465 3464 commentariis
487 3399 578 3462 valde
601 3399 782 3462 instructum
805 3397 900 3462 luisse
921 3403 1049 3476 statuat,
1070 3399 1243 3464 Schneide-

142 3524 197 3570 rus
219 3525 365 3589 perversa
388 3508 514 3571 eiusad
538 3525 606 3589 equ.
633 3507 694 3570 963
715 3508 965 3588 interpretatione
992 3514 1160 3570 commotus
1183 3516 1238 3572 est.

141 3616 203 3681 Sed
227 3634 267 3680 ne
289 3636 306 3680 a
328 3617 536 3699 grammaticis
564 3616 657 3699 longe
686 3617 903 3680 vetustioribus
925 3617 1174 3699 doctioribusque
1195 3620 1241 3683 si-

146 3725 229 3788 milia
248 3725 404 3790 ueletiam
425 3727 570 3811 graviora
593 3727 624 3790 in
646 3727 876 3808 interpretando
892 3732 982 3808 poete
998 3733 1125 3807 peccota
1137 3728 1239 3792 aliena

143 3835 241 3899 luisse
256 3841 397 3915 putentur
410 3836 595 3916 aptissimum
610 3835 706 3904 attulit
721 3835 936 3916 Aristophanis
944 3835 1080 3917 Byzantii
1089 3841 1118 3911 ²)
1132 3855 1240 3901 exem-

153 3995 451 4012 Μ
447 3983 450 3988 ¹
455 3995 477 4006 -

243 4113 273 4180 l)
289 4109 358 4165 Edit.
377 4109 457 4164 Paris.
480 4126 505 4178 p.
525 4111 559 4163 Vi
576 4119 602 4164 el
622 4113 678 4166 Vll.

241 4207 272 4276 ¹2)
293 4203 333 4258 De
348 4221 402 4274 quo
418 4206 454 4266 ai.
474 4205 588 4274 hesych.
608 4208 619 4260 l
639 4225 664 4278 p.
677 4206 740 4266 loo.
759 4209 897 4266 normal
917 4209 983 4266 libb.
1002 4209 1053 4262 l.1.
1073 4209 1162 4264 llauclr
1181 4212 1242 4266 Aria

142 4302 228 4373 ttopb,
249 4302 312 4371 Bar.
333 4302 425 4373 fragor.
445 4318 470 4373 p.
488 4301 547 4358 214.
