2802 4724
586 291 832 368 ..γρ-

161 469 285 542 uidetur
303 469 447 557 expeditu
468 473 627 555 facillima,
652 475 786 542 sirecte
812 476 908 542 ueris
931 477 1047 544 diserto
1070 478 1260 560 testimonio,-

165 583 247 665 quod
269 603 308 650 ex
333 583 402 649 cod.
420 584 484 650 480
505 583 578 650 bibl.
602 583 631 649 S.
656 584 752 649 Marci
774 587 898 667 protulit
920 587 1077 654 Villoison.
1099 590 1196 670 praef.
1218 589 1262 656 ad

162 692 195 758 ll.
208 691 259 758 fin.
272 693 360 760 hisce
381 693 484 758 verbis
504 711 698 776 expressum:
717 693 895 776 Ῥωμαϊκόν
917 700 1015 780 σίγμα
1032 705 1065 778 C
1086 700 1158 762 καθ’
1178 693 1256 764 dau.

160 803 217 874 usai
245 801 414 884 ἀντίσιγμα
437 795 582 868 ἄστικτον
606 809 641 885 0
664 797 831 886 ἀντίσιγμα
860 810 1096 888 ιιιριετιγμένον
1126 807 1261 890 eruet

163 910 257 995 igitur
277 911 480 994 antisigmstis
501 928 589 974 usum
609 912 688 994 apud
705 918 827 976 veteres
845 915 1259 998 grammaticoshipertitum

165 1019 260 1086 luisse
282 1037 391 1102 nempe
418 1023 548 1100 σίγματι
572 1018 738 1106 Ῥωμαϊκῷ
766 1021 848 1102 quod
878 1021 991 1088 dictur
1012 1023 1180 1108 ἀντίσιγμα
1205 1044 1260 1090 re-

160 1129 315 1212 spondere
329 1128 448 1193 etiamsi
470 1146 531 1192 non
550 1129 666 1196 diserte
688 1137 959 1196 commemoratum
976 1140 1086 1214 sponte
1108 1134 1261 1218 intelligi-
1284 1147 1286 1150 ·

162 1243 229 1317 ur,
253 1238 396 1318 quoniam
428 1238 467 1301 ah
489 1254 528 1300 eo
556 1243 701 1300 accurate
728 1239 903 1302 secernitur
930 1239 1005 1304 καθ’
1026 1234 1142 1306 ἑαυτοῦ
1169 1244 1261 1308 ἀντί·

160 1365 279 1429 αιγμα,
301 1345 400 1410 idest
428 1346 590 1427 antisigma
620 1361 676 1426 per
693 1363 728 1410 se
753 1347 906 1426 positum,
938 1349 988 1410 cui
1007 1367 1070 1412 non
1091 1352 1259 1432 praecedat

160 1453 259 1536 σίγμα
269 1452 457 1535 Ῥωμαϊκόν,
473 1453 554 1533 quod
576 1453 658 1516 idem
681 1450 850 1534 ἀντισίγμα
872 1455 945 1516 καθ’
965 1448 1085 1518 ἑαυτοῦ
1107 1465 1158 1519 aut
1180 1477 1261 1537 pun-

163 1569 212 1630 eto
236 1568 320 1628 curet
340 1555 516 1644 (ἄστικτον)
542 1569 593 1627 aut
612 1567 724 1643 puncto
748 1568 884 1626 notatum
906 1563 1258 1646 θε1(ἀ.αεριιοτιγμέ-

164 1682 241 1753 νον).
278 1672 382 1736 Utrum
404 1671 573 1755 ἀντισιγμσ
597 1673 635 1737 ah
657 1671 865 1756 Aristophane
886 1672 1034 1755 Byzantio
1055 1673 1207 1737 mnarum
1229 1695 1259 1738 v.

166 1782 225 1846 153
246 1782 415 1862 appositum
437 1782 477 1845 sit
496 1781 655 1846 declarant
677 1783 743 1862 ipsa
768 1781 954 1846 scholiastae
975 1781 1052 1846 Ven.
1075 1783 1186 1846 verba:
1210 1803 1263 1844 τι-

163 1892 214 1964 νὲς
235 1891 271 1954 dt
300 1890 339 1954 οά
358 1885 520 1974 γράφοιισι
544 1885 680 1970 τὸν,νὴ
706 1886 780 1964 τούς
809 1889 905 1964 θεοὺς
928 1892 1036 1971 στίχον
1067 1892 1135 1954 ἀλλ’
1158 1891 1261 1976 ἀφαι-

165 2003 277 2085 ροῦσιν
300 1996 399 2062 adadu
419 2000 474 2064 καί
493 1997 550 2062 τὸν
573 1999 642 2081 ἑξῆς
664 1993 749 2062 οὕτω
772 2019 969 2082 γραφοοοιν·
993 1991 1012 2079 ἢ
1033 2003 1193 2082 πυρρίχην
1216 2021 1263 2072 τις

164 2105 265 2190 ἔμαθε
297 2105 353 2191 τὴν
381 2109 548 2190 Κινησίου.
580 2104 629 2171 διὸ
657 2108 713 2170 καί
728 2104 963 2190 Ἀριστοφάνης
998 2109 1197 2189 nuperrimos
1224 2103 1261 2168 τό

164 2217 263 2299 σίγμα
291 2219 346 2280 καί
375 2215 407 2281 τὸ
438 2215 628 2298 ἀντίσιγμα,
658 2234 736 2298 quae
767 2215 806 2280 de
830 2215 1024 2298 antisigmute
1046 2215 1118 2278 καθ’
1145 2210 1263 2277 ἑαυτοῦ

168 2327 308 2409 negitare
329 2331 442 2390 vemat.
487 2325 575 2400 Quod
597 2325 677 2390 idern
706 2324 835 2409 intelligi
861 2325 1054 2392 manifestum
1075 2329 1121 2387 est
1143 2323 1181 2385 uh
1202 2323 1264 2386 lsi-

165 2435 367 2518 doroorigg.
392 2435 421 2513 l,
446 2435 508 2511 20,
530 2451 621 2514 quum
640 2434 678 2498 iis
700 2434 841 2498 versibus
861 2433 1028 2516 antisigma
1050 2431 1263 2513 apponendum

165 2561 236 2609 esse
270 2544 362 2608 docet
394 2559 522 2624 quorum
554 2542 632 2606 ordo
663 2542 881 2624 permutandus
910 2546 965 2606 est.
1015 2539 1119 2622 ltaque
1150 2540 1264 2606 erravit
1347 2625 1355 2633 x

164 2653 349 2718 Fritnschius
384 2657 546 2718 comment.
578 2652 617 2716 ad
639 2653 714 2718 Rau.
739 2672 767 2735 p.
789 2653 856 2717 106.
888 2652 940 2734 qui
971 2651 1101 2715 confuso
1130 2657 1261 2733 utroque

167 2764 258 2848 signo
280 2761 517 2843 Aristophanem
546 2763 779 2844 grammaticum
806 2761 1001 2844 cognominis
1025 2765 1138 2841 postue
1159 2761 1261 2822 locum

166 2872 329 2956 scripsisse
351 2871 525 2952 arbitratur,
545 2872 655 2936 ordina
673 2887 814 2936 versuum
831 2873 886 2934 151
907 2877 937 2932 et
958 2870 1016 2934 153
1038 2873 1205 2952 permutato
1225 2873 1262 2944 ¹).

165 2981 311 3064 Sigmatis
333 2986 433 3044 autern
456 2987 486 3044 et
512 2980 714 3064 antisigmatis
736 2980 797 3042 vim
810 2985 854 3042 et
872 2978 1140 3061 significationem
1161 2974 1263 3057 quivis

165 3091 268 3156 statim
286 3090 452 3171 perspiciet
471 3090 567 3171 ipsam
588 3090 694 3152 harum
712 3094 851 3152 notarum
873 3088 988 3152 formas
1003 3089 1139 3152 intuitus.
1179 3085 1263 3162 Quas

168 3198 196 3264 si
207 3198 263 3262 tihi
277 3199 502 3279 appinxerisc
530 3203 563 3278 s)
579 3197 889 3280 intelliges,.sigmate
906 3203 937 3262 et
953 3192 1264 3278 antisigmutenotari

172 3306 253 3382 idem
276 3324 346 3370 esse
368 3313 459 3400 atque
482 3307 571 3372 uncis
592 3305 709 3370 includi
728 3311 768 3386 ²),
792 3323 869 3387 quos
890 3306 1063 3370 etiamnunc
1087 3303 1191 3368 verbis
1209 3319 1267 3366 su-

272 3531 297 3600 1)
318 3525 461 3580 Nauckium
487 3524 616 3576 hisnotir
640 3521 770 3574 athetesin
792 3519 933 3588 significari
955 3525 1062 3586 putasse
1082 3533 1115 3571 ex
1138 3519 1264 3572 emenda·

88 3654 92 3664 ·
171 3624 242 3676 tione
260 3623 325 3677 Rau.
345 3622 397 3674 loci
418 3620 526 3689 collligo
545 3637 570 3688 p.
580 3620 614 3674 65
625 3619 769 3688 proposita,
785 3631 862 3689 quam
880 3623 966 3666 tamen
985 3614 1192 3670 intelicissimum
1206 3628 1265 3666 esse

170 3700 264 3776 statuo.
301 3721 363 3772 iiam
391 3718 448 3788 quis
476 3716 583 3769 credere
611 3723 698 3784 potest
723 3712 851 3766 Bacchum
870 3718 1021 3777 terrorum,
1047 3727 1112 3780 quos
1141 3706 1265 3763 describit

171 3816 314 3880 Hercules,
339 3815 533 3883 exspectatione
562 3827 647 3881 paene
671 3811 818 3864 coniectum
840 3815 937 3860 tautum
956 3823 1111 3876 recuperare
1131 3805 1266 3872 audaciae,

171 3921 201 3967 ut
224 3914 299 3968 novis
325 3911 446 3970 monstris
470 3909 588 3966 addentis
608 3907 725 3961 Herculis
752 3906 896 3960 orationem
922 3907 1102 3975 interrumpat.
1139 3904 1219 3958 immo
1238 3911 1267 3955 ut

172 4011 234 4066 inde
245 4025 268 4064 a.
282 4025 308 4063 v.
329 4008 378 4062 116
395 4019 478 4076 usquc
496 4007 528 4059 sd
548 4007 598 4060 153
612 4003 730 4058 Herculis
749 4003 832 4055 oratio
850 4003 1015 4056 continuetur
1030 4019 1071 4055 ras
1089 4003 1146 4071 ipss
1160 4000 1265 4070 flagitat.

271 4109 299 4179 2)
319 4105 349 4159 lu
367 4103 476 4157 eandem
495 4104 649 4158 sententium
670 4101 760 4154 nescio
785 4113 845 4152 num
864 4098 933 4152 iorte
952 4115 987 4152 au
1004 4099 1084 4152 certis
1105 4097 1266 4167 argumentis

174 4177 267 4266 ductus
280 4201 438 4260 Fritcschiur
454 4200 590 4269 iccidtirsu
606 4198 639 4258 ud
651 4198 750 4256 iheum.
766 4213 791 4272 p.
801 4198 843 4256 ht.
866 4197 978 4254 uidetur.
1002 4197 1038 4253 tit
1055 4209 1141 4272 nsque
1155 4192 1270 4252 'deuou-
