2802 4724
580 331 825 415 -20-

158 513 218 605 reip
233 512 392 604 ’ἦκἰιᾱιιὶ
415 517 524 610 φύσιν.
553 524 629 607 παρ’
656 522 809 590 unienter
838 521 932 592 oret
957 523 1140 612 ’ὃπὺρῥίιισι
1175 521 1257 611 πρὸς

155 629 189 696 ιὸ
220 631 390 714 ὠχρίασιν.
433 631 641 718 Ἀρίσταρχος
670 634 706 696 δέ
728 656 825 720 pontu
852 630 1040 720 tp'taormt
1068 637 1170 720 λέγειν
1201 634 1256 702 τὸν

156 733 311 814 Εκκθίκι·
334 745 389 808 aui
405 740 466 826 ‘prio
488 744 568 808 διότι
592 741 716 830 κυκίῥός
738 736 839 820 οὕτως
853 747 1088 830 ἐπικεκλῆσθαι,
1105 741 1254 828 καθάπερ

160 847 314 935 Πυόῥίας
345 850 399 916 καί
427 851 608 936 Σμικρίνης.
651 853 765 929 Quibus
800 853 927 934 primum
955 854 1112 934 efficitur,
1138 874 1167 920 v.
1189 855 1254 922 308

159 958 253 1043 vulgo
274 979 435 1044 perperam
447 962 570 1026 Baccho
590 963 732 1028 tributum
747 962 897 1028 Xanthiae
915 964 1151 1032 adscribendum
1171 983 1253 1044 esse,

160 1069 242 1150 quod
260 1075 345 1134 reete
368 1071 406 1134 ah
427 1071 608 1136 Aristarcho
632 1072 826 1137 observatum
855 1092 945 1156 quum
968 1074 1155 1140 intellexerit
1173 1074 1253 1140 Din-

159 1178 284 1258 dorlius,
306 1185 406 1244 tamen
424 1199 515 1246 veras
533 1199 734 1264 personarum
750 1183 835 1247 vices
857 1184 887 1246 in
910 1184 977 1265 ipso
992 1186 1156 1252 verborum
1175 1200 1255 1248 con-

106 1339 115 1358 .
160 1293 243 1355 textu
274 1289 436 1356 restituere
461 1291 566 1354 noluit.
610 1290 669 1356 Sed
692 1290 864 1356 Aristarchi
890 1293 1171 1372 interpretationem
1193 1295 1256 1358 mi-

160 1395 243 1462 nime
272 1398 427 1480 perspexit
445 1399 629 1464 Fritzsohius
660 1405 821 1464 comment.
845 1398 884 1462 ad
907 1399 1002 1464 Arist.
1023 1403 1099 1466 lian.
1126 1421 1155 1483 p.
1181 1403 1253 1468 167.

160 1506 299 1588 opinatus
317 1508 398 1572 hauc
418 1508 582 1574 lectionem
603 1509 814 1574 Aristarchum
828 1508 1144 1575 :inuenisee‘neoesse
1164 1527 1253 1574 esse:

161 1612 215 1680 iti
235 1616 270 1678 te
293 1617 400 1691 δείσας
427 1617 666 1702 inepnu'ppr'noe
687 1639 746 1682 ooo
771 1619 909 1698 „tametsi
930 1617 1027 1700 ipsius
1056 1617 1255 1699 explicationi

160 1723 257 1804 prima
287 1741 419 1805 persona
452 1724 699 1812 inspuop'pe'aoc
716 1727 962 1792 'accomodatior
988 1726 1123 1792 fuisset«.
1174 1725 1257 1792 Nihil

160 1835 296 1916 apertius
318 1835 391 1901 mihi
412 1836 534 1917 quidem
557 1836 678 1900 videmr
700 1855 771 1902 esse
790 1847 882 1919 quam
901 1837 981 1902 hanc
999 1837 1096 1902 luisse
1116 1835 1258 1900 Aristar-

163 1945 213 2010 chi
234 1946 436 2010 sententiam:
458 1945 613 2010 ·Xanthias
635 1947 674 2012 de
698 1966 733 2012 se
758 1948 824 2028 ipso
848 1948 982 2028 loquitur
1001 1948 1021 2010 i.
1045 1967 1092 2027 e.,
1116 1948 1195 2011 sicut
1219 1967 1258 2012 ex

162 2055 310 2140 proxime·
323 2055 620 2136 sequentibusultro
637 2063 771 2138 apparet,
791 2055 828 2118 od
851 2073 938 2120 suum
959 2056 1054 2136 ipsius
1067 2073 1189 2120 ,nomen
1211 2057 1259 2121 al-

162 2164 238 2232 ludit
260 2164 341 2246 quod
363 2183 452 2248 quum
476 2186 493 2230 a
514 2184 592 2230 voce
615 2162 729 2242 ξανθὸς
751 2166 885 2230 derivari
907 2167 1016 2248 possit,
1039 2167 1106 2232 lere
1127 2166 1258 2232 eandem

161 2273 253 2340 hehet
274 2276 430 2342 notionem
449 2282 538 2358 atque
557 2271 747 2361 Πυῤῥιάςι
770 2273 891 2361 nephec
912 2276 1189 2356 redactum,·cuius
1212 2277 1258 2342 si-

166 2383 289 2450 millime
313 2391 359 2451 est
376 2386 473 2463 nolio,
488 2386 569 2448 vela
593 2381 724 2468 σμικρός
737 2385 838 2450 licium
861 2402 973 2448 nornen
985 2387 1165 2468 Σμικριίής.
1196 2388 1259 2450 lta-

163 2512 227 2576 que
248 2495 329 2558 hunc
351 2511 475 2560 sensum
497 2495 528 2556 in
543 2493 694 2559 Xanthiae
717 2493 820 2558 verbis
843 2495 947 2558 inesse
968 2494 1033 2558 vult
1046 2494 1260 2560 Aristarchus:

165 2607 244 2686 „iste
270 2613 331 2685 (se.
356 2605 467 2668 Bacchi
493 2604 660 2682 sacerdos)
682 2605 762 2668 inter
787 2608 977 2685 spectatores
1002 2603 1115 2668 sedens
1129 2603 1262 2687 ,dignior

166 2716 336 2797 vel‘aptior
359 2721 416 2795 est,
437 2713 647 2796 tpuillnnthins
670 2720 799 2778 voeetm
815 2714 982 2794 meipsm,
1007 2731 1066 2794 quo
1090 2720 1121 2776 et
1142 2714 1260 2777 luscum

164 2824 336 2890 sacerdotis
361 2824 495 2888 colorem
518 2824 645 2888 irrideat
670 2829 700 2887 et
720 2823 861 2886 timorer'n
889 2823 956 2886 eius
980 2821 1089 2888 festive
1111 2823 1262 2904 perstrin-

163 2941 228 3018 get.
272 2934 394 2998 l'alihus
426 2934 666 3015 eutem'ingenii
698 2933 814 2996 lusibus
839 2951 878 2997 ex
906 2932 972 3013 ipso
1002 2933 1163 2998 nominum
1183 2949 1260 2996 sono

163 3045 300 3127 repetitis
323 3050 511 3126 quantopere
530 3043 672 3108 delectati
693 3043 755 3106 sint
775 3042 981 3106 Athenienses
1003 3059 1066 3106 non
1087 3041 1184 3106 solum
1206 3060 1263 3105 co-

164 3154 306 3218 moediae
332 3153 388 3218 sed
414 3153 504 3218 etiam
520 3151 716 3237 ¹tragoedico
746 3169 809 3215 non
839 3170 936 3232 pauca
969 3153 1107 3232 exempla
1137 3133 1260 3214 docent

165 3266 269 3346 ltaque
300 3263 472 3328 Demetrius
505 3263 593 3326 Ixion
634 3279 696 3324 non
730 3268 790 3324 tem
823 3262 976 3325 relutasse
1009 3278 1098 3342 quarn
1131 3259 1263 3342 amplifi-

165 3391 254 3439 casse
285 3379 316 3436 et
339 3372 527 3454 supplevisse
548 3371 776 3435 Aristarcheem
801 3369 1087 3451 'interpretationem
1111 3369 1261 3451 putandus

165 3491 222 3564 est,
247 3501 335 3564 quem
363 3500 452 3564 quum
475 3482 684 3546 conviciorum
707 3469 738 3542 in
760 3481 844 3560 ipsos
867 3484 1056 3560 spectatores
1081 3478 1261 3543 iectetorum

168 3593 305 3675 exempla
335 3612 374 3656 ex
394 3591 517 3656 Platone
549 3592 670 3654 comico
700 3591 881 3671 depromere
912 3587 1071 3668 maluerit,
1104 3606 1194 3670 quam
1224 3595 1263 3652 ex

166 3703 372 3784 Aristophane
393 3701 485 3766 laoile
506 3701 672 3782 suspiceris
686 3699 856 3780 vesparum
874 3698 1007 3761 lehulum
1028 3715 1090 3761 non
1110 3697 1264 3779 interpre-

169 3818 260 3876 tatum
287 3830 375 3891 esse,
397 3812 458 3876 nisi
478 3817 602 3892 propter
625 3809 722 3872 schol.
748 3809 838 3888 vesp.
861 3805 924 3870 940
948 3806 1027 3870 iusto
1051 3805 1191 3870 fallacior
1211 3807 1263 3868 vi-

168 3923 293 3986 deretur
316 3921 393 3984 haec
417 3918 621 3984 concludendi
640 3917 730 3981 ratio.
781 3926 784 3932 '

275 4030 420 4095 Eiusdem
441 4028 589 4094 Demetrii
611 4027 725 4091 Ixionis
745 4034 779 4102 κ’)
803 4025 1011 4090 coniecturam
1033 4024 1262 4106 ineptissimam,

170 4173 477 4192 W

154 4341 157 4350 1
269 4268 296 4341 l)
317 4263 393 4338 Teste
406 4261 479 4331 uuor.
497 4279 523 4332 p.
537 4263 597 4332 lli,
615 4263 645 4318 δί
664 4261 770 4338 Kotor:
792 4289 825 4306 -
845 4261 894 4316 ant
914 4253 945 4315 κό
965 4259 1058 4334 σῶμα.
1078 4282 1112 4301 -·
1130 4250 1180 4328 κῆν
1198 4257 1264 4331 nupt
