2802 4724
549 431 568 464 l

146 555 151 569 ·
215 581 217 588 ,
238 518 299 586 Sed
315 522 442 602 peecata
462 516 522 598 bis,
544 533 621 598 quos
643 533 724 580 nunc
751 513 947 594 tractavimus
968 509 1046 578 locis
1066 505 1238 585 commissa·

132 633 201 700 aliis
238 628 381 694 consoliti
410 628 559 692 acuminis
592 627 782 690 documentis
817 625 946 709 egregie
976 626 1227 706 compensantur,

134 761 262 826 quorum
296 737 668 812 nunc-considerandum
700 737 797 801 schol.
822 737 896 801 Ran.
922 733 983 798 990
1014 752 1032 796 a
1058 730 1227 796 Fritnscbio

132 855 179 920 Sic
202 851 393 916 ementatum
421 844 665 928 Μαμμάκυθοιε
699 840 908 930 Ἀρίσταρχός
941 865 1037 928 φησιν
1063 839 1230 920 ,cinamomo-

132 964 339 1044 πεποιῆσθαι.
360 959 426 1034 πῶς
450 949 516 1036 οὖν,
531 950 713 1039 Δημήτριός
733 979 830 1040 φησιν
848 953 1045 1031 (exciderunt
1066 951 1137 1018 fere·
1153 948 1230 1014 haec

134 1069 335 1153 atbttmame
350 1069 489 1132 ἕντανθα
507 1068 646 1148 λέγονται
665 1061 909 1144 Μαμμάκυθοι]
925 1063 966 1126 Εἰ
984 1062 1019 1124 δὲ
1033 1059 1075 1144 μὴ
1094 1056 1231 1144 σύνηθες

132 1174 174 1266 ἤν
197 1179 306 1254 αὐτοῖς
328 1175 361 1242 cd
385 1168 505 1257 ὄνομα,
530 1168 567 1250 οὗ
593 1171 778 1256 καιῖδρᾶμα
794 1167 873 1236 ,ὅλον
900 1165 1001 1246 οὕτως
1024 1157 1232 1254 ἐπεγέγραπτο

134 1285 177 1354 dr
199 1283 444 1370 Mepstaetemes,
467 1280 589 1358 dstote
603 1283 773 1359 Πλάτωνος
797 1284 950 1365 λέγουσιν.
981 1283 1015 1344 Iri
1036 1298 1115 1345 voco
1132 1281 1233 1358 Μαμ.
1335 1347 1336 1352 1

134 1397 281 1478 μα’κυθος
307 1394 501 1478 explicanda
511 1391 694 1460 dissentiunt
714 1391 911 1456 Aristarchus
934 1397 964 1455 ot
985 1409 1073 1472 quem
1094 1408 1115 1451 e
1139 1385 1232 1452 Suida

135 1529 166 1572 v.
186 1504 371 1590 Δημήτριος
395 1509 425 1566 et
446 1503 554 1568 scholl.
572 1505 647 1582 Ran.
672 1504 722 1566 75.
747 1502 836 1568 1001.
864 1503 941 1566 1691
965 1500 1145 1564 acerrimum
1168 1497 1233 1562 eius

20 1635 21 1704 t
136 1616 350 1683 adversarium
377 1614 580 1696 cognovimus
601 1611 782 1696 ’Δημήτριος
806 1609 926 1690 Ἰξίων,
957 1610 988 1672 in
1018 1609 1104 1674 caius
1131 1607 1232 1670 locum

20 1709 22 1769 t
127 1727 323 1792 Demetrium
336 1731 468 1806 poetam
492 1723 641 1787 comicum
669 1711 879 1786 infelicissime
901 1720 1132 1784 substituentem
1154 1716 1234 1784 otei-

20 1812 24 1833 '
139 1837 282 1902 necbium
307 1835 375 1899 hist
394 1835 461 1898 crit.
484 1833 585 1914 pipi)
603 1834 718 1896 merito·
737 1833 904 1915 exagitavit
925 1829 1122 1896 Fritzschius.
1157 1827 1234 1892 Ari-

18 1939 19 1959 1
138 1946 280 2010 starchus
301 1944 373 2025 quin
396 1947 481 2006 recte
502 1943 640 2006 statuerit
658 1942 760 2005 fictum
782 1960 856 2026 esse
873 1958 984 2004 nomen
1000 1933 1235 2018 Μαμμάκυθος,

134 2055 243 2137 procul
260 2060 306 2120 est
321 2053 426 2131 dubio,
449 2071 538 2133 quem
562 2070 616 2116 cur
629 2051 814 2116 Fritzschius
827 2051 962 2134 graviter
978 2051 1127 2129 increpet,
1150 2045 1232 2127 quod

135 2165 186 2228 vel
209 2181 271 2228 non
294 2161 402 2228 iisdem
420 2162 522 2224 verbis
545 2162 727 2224 sententiam
745 2160 940 2242 expresserit,
962 2158 1014 2222 vel
1028 2174 1091 2221 non
1107 2155 1233 2219 uberius

137 2273 334 2356 exposuerit,
360 2289 422 2334 non
446 2270 534 2334 adest
562 2271 675 2344 idonea
699 2289 803 2335 causa.
847 2270 913 2334 Hoc
939 2269 1019 2333 enim
1040 2259 1234 2332 sclum'Ari-

137 2383 280 2447 starobus
303 2381 459 2444 contendit
480 2381 529 2444 vel
551 2380 588 2446 ab
609 2380 676 2464 ipso
691 2379 859 2444 Fritzscbio
883 2396 1075 2457 concessum,
1098 2395 1161 2440 non
1182 2376 1233 2440 in„

137 2499 185 2555 ter
205 2489 346 2573 legitima»
360 2490 483 2554 nomina
505 2490 627 2571 propria
650 2508 758 2554 vocem
782 2491 863 2554 illam
887 2489 1082 2554 referendam
1103 2486 1232 2554 essedo

136 2601 255 2682 reliquo
282 2599 347 2662 eius
367 2617 425 2662 usu
445 2616 571 2680 prorsus
594 2617 731 2666 securus.
762 2599 858 2674 Quam
880 2619 899 2664 e
919 2598 1104 2682 cognomino
1123 2597 1155 2658 in
1173 2613 1233 2659 no-

137 2729 206 2774 men
229 2715 441 2774 commutatam
471 2726 541 2772 esse
572 2709 700 2792 egregia
730 2715 777 2772 est
796 2709 955 2772 Fritzscbii
977 2727 1005 2790 p.
1026 2707 1098 2772 394.
1122 2706 1234 2792 obser-

136 2822 230 2899 vatio,
256 2820 341 2884 cuias
363 2835 442 2900 quoe
463 2819 608 2900 deinceps
623 2821 760 2901 sequitur
782 2818 959 2882 doctissima
981 2818 1143 2900 disputatio
1161 2816 1237 2879 mihi

16 2977 17 2984 1
136 2931 300 3013 persuasit,
315 2929 507 3010 propriorum
525 2920 679 3002 hominum
696 2929 964 2992 terminatione-
981 2929 1058 3000 υθος
1081 2927 1112 2989 id
1136 2932 1234 2990 actum

111 3058 226 3120 lesse,
251 3045 284 3102 ut
311 3039 381 3101 iusti
407 3039 541 3102 nominis
569 3039 690 3120 species
721 3039 794 3102 voci
818 3038 1053 3117 conciliaretur,
1084 3036 1123 3099 ad
1154 3035 1234 3118 quod

138 3149 376 3214 confirmandum
400 3150 564 3229 aptissimis
582 3150 675 3214 utitur
698 3149 861 3231 exemplis:
894 3139 1055 3230 ΓΣμύιυθος
1074 3147 1157 3211 Eccl.
1174 3147 1235 3212 993

16 3313 18 3326 .
140 3259 291 3332 Μίκυθος
309 3259 347 3322 Ε.
372 3259 411 3323 Μ.
437 3278 466 3339 p.
482 3260 535 3339 55,
553 3261 604 3322 91.
630 3260 886 3338 Κομηολάκυθος
908 3259 985 3323 th.
1008 3258 1119 3322 56461
1144 3258 1234 3338 1145,

141 3368 320 3450 quibuscum
344 3369 550 3448 comparanda
566 3366 737 3451 ’Σμικύθης
754 3369 830 3449 Erpa.
845 3367 928 3431 964.
943 3367 1127 3448 Σμικυθίων
1149 3384 1234 3450 vesp.

139 3477 199 3541 401
223 3475 310 3540 Eoot.
334 3477 377 3540 46
397 3476 554 3542 Demosth.
581 3477 612 3537 in
633 3476 783 3539 Aristocr.
805 3494 833 3557 p.
858 3475 937 3555 169,
971 3475 1032 3540 513
1063 3481 1093 3538 et
1121 3475 1234 3538 ibidem

16 3635 17 3660 ,
137 3583 367 3667 Μιλτοκύθης
387 3585 553 3668 designare
570 3591 669 3649 autem
686 3585 790 3648 matris
803 3584 915 3666 pullum
936 3583 990 3668 τῆς
1002 3581 1122 3667 μητρὸς
1144 3579 1232 3646 νεότ-

138 3715 213 3756 τιον.
250 3695 348 3758 Recte
370 3700 583 3776 comparantur
604 3691 830 3774 βλιτομάμμας
852 3694 944 3774 nubb,
972 3694 1049 3758 1001
1071 3711 1089 3754 a
1113 3694 1234 3759 'l'tzetza

137 3803 215 3866 Chii.
239 3803 297 3884 IV,
329 3805 391 3868 879
418 3801 672 3888 μαμμόθρεπτος
697 3823 714 3868 a
735 3803 890 3874 Lobeckio
915 3803 954 3867 ad
977 3803 1086 3886 Phryn.
1109 3822 1140 3884 p.
1161 3804 1233 3882 999,

133 3907 319 3996 Ἐπικράτης
345 3911 538 3997 Κυρηβίων,
558 3911 692 3994 Ἀχαιὸς
713 3912 883 3993 Κιλλικῶν,
904 3911 1135 3994 Aristophanis,
1156 3910 1233 3992 Ἀμ-

136 4020 305 4104 φιστείθης
329 4022 427 4084 Photii
448 4040 477 4102 p.
501 4021 581 4101 956,
603 4023 642 4084 91
667 4028 697 4084 et
716 4021 828 4086 Suidae
853 4040 878 4086 s.
907 4023 933 4084 Γ
931 4018 1050 4101 nicode,
1072 4022 1235 4106 'timoren'-

138 4128 193 4210 6ης
217 4128 353 4194 Eustetb.
378 4150 407 4214 p.
426 4129 517 4212 1669,
541 4132 580 4194 51
605 4135 635 4194 et
651 4131 744 4195 Bekk.
767 4131 878 4196 anecd.
899 4142 927 4212 p'.
947 4133 1019 4212 911,
1036 4130 1086 4210 99,
1109 4134 1235 4194 Βουτα-

137 4238 334 4306 tr'oasebol.
358 4240 397 4310 ad
416 4241 446 4306 b.
467 4239 491 4306 1.·
505 4238 586 4309 Suid.
607 4257 632 4306 a.
656 4260 684 4305 v.
709 4247 740 4304 et
761 4241 922 4327 smapot
941 4258 959 4306 a
980 4239 1150 4306 tritaschio
1172 4237 1192 4306 1..
1202 4240 1231 4322 t.
