2802 4724
562 289 807 388 ..¹40-

139 484 313 552 Cantabri
335 489 365 552 ct
378 501 475 568 marg.
489 482 617 548 Barocc.
644 488 816 551 annotatur.
846 481 906 548 Sed
930 480 1007 548 ialso
1028 479 1100 546 illuc
1121 477 1235 548 referri

137 597 159 660 ii
174 597 327 678 putabant,
349 596 399 676 qui
415 594 609 676 superstitem
620 593 766 656 Archelai
783 593 913 658 labulam
936 591 1030 676 longe
1045 591 1106 657 alio
1124 607 1234 656 versu:

137 701 266 778 Δαναὸς
290 701 306 766 ὃ
332 701 522 785 πευτὴκοιτα
546 705 732 783 θυγατέρων
761 699 864 786 πατὴρ
892 739 933 752 --
958 697 1050 779 νόμον
1082 697 1172 782 ἔθηκ’
1193 695 1236 764 ἕν’

131 810 257 880 Ἑλλάδι
280 814 416 895 incipere
437 812 586 876 viderent.
627 813 751 876 Rectum
774 811 959 877 difficultatis
981 810 1133 876 tollendae
1156 811 1237 874 viam

138 903 317 988 monstravit
345 922 550 987 Aristarchus.
604 921 744 986 Coniecit
775 922 855 984 enim
887 922 936 984 vir
964 920 1159 984 acutissimus
1189 921 1237 984 bis

139 1033 239 1098 datum
261 1051 331 1096 esse
341 1031 521 1094 Archilochi
536 1031 667 1096 sabulum
687 1038 775 1112 atque
788 1029 1023 1111 Aristophanem
1045 1049 1124 1110 eum,
1145 1049 1235 1111 quem

137 1142 310 1225 exagitaret
331 1159 453 1204 versum
466 1153 514 1226 ex
534 1141 631 1221 prima
652 1141 846 1214 recensione„
860 1140 1077 1222 depromsisse.
1119 1140 1236 1204 Eodem

138 1250 231 1316 rnodo
263 1250 324 1312 duo
354 1267 431 1330 quac
462 1250 661 1330 perhibentur
693 1251 778 1314 initia
802 1251 912 1334 Phryxi
944 1251 1024 1318 inter
1055 1269 1090 1316 se
1126 1250 1238 1314 couci-

137 1358 239 1424 lianda
253 1377 322 1422 csse
337 1359 480 1422 exschol.
493 1360 568 1424 Ven.
583 1361 658 1426 Itan.
676 1359 765 1438 1938,
791 1365 820 1422 ct
839 1379 878 1424 ex
893 1360 992 1423 schol.
1005 1360 1108 1441 Eurip.
1122 1360 1236 1432 Phoen.

138 1489 167 1530 v.
191 1469 211 1532 6
232 1489 250 1532 a
268 1468 414 1532 valcheri.
437 1469 525 1544 diatr.
551 1463 660 1552 p.le
678 1476 763 1532 recte
788 1469 954 1552 colligitur,
977 1475 1010 1532 ut
1032 1470 1177 1552 perspexi
1196 1487 1237 1536 cx

138 1578 229 1642 docta
238 1577 397 1642 Frltzschii
415 1578 453 1641 de
463 1579 601 1660 prologis
614 1578 786 1659 Euripideis
799 1586 924 1660 propter
936 1580 1032 1661 ipsam
1046 1579 1235 1644 comicorum

138 1686 312 1750 irrisionem
334 1694 439 1770 postea
465 1689 584 1752 mutatis
602 1688 816 1770 disputatione.
855 1689 950 1755 Huius
975 1690 1020 1754 rei
1043 1707 1121 1770 quae
1144 1690 1236 1754 luerit

108 1849 110 1856 ,
138 1798 308 1862 necessitas
331 1798 410 1861 ultro
433 1803 515 1878 patet
536 1799 697 1879 reputanti,
721 1817 810 1879 quam
833 1799 923 1864 lacila
947 1798 1153 1866 Athenienses
1173 1802 1238 1866 llu-

139 1925 246 1972 narum
268 1906 368 1970 labula
393 1906 505 1968 eximie
526 1906 669 1970 delectati
695 1907 733 1971 ud
754 1907 950 1987 Euripideum
973 1909 1164 1991 tragoediam
1189 1911 1240 1973 in'-

139 2017 223 2102 genti
246 2017 310 2090 risu
334 2016 522 2080 obruendam
541 2022 682 2098 poterant
705 2017 898 2096 instimulari,
921 2018 948 2080 si
970 2019 1037 2098 quis
1058 2021 1239 2101 tragoediae

137 2131 293 2207 spectator
320 2127 471 2190 comicum
494 2125 567 2188 illud
595 2122 747 2208 ληηίθιον
769 2121 928 2190 α’πιίλεσευ
951 2145 1062 2209 magua
1085 2144 1164 2192 voce
1187 2129 1239 2190 in-

136 2237 294 2302 seruisset.
345 2237 473 2300 Prorsus
506 2235 646 2319 geminus
676 2241 724 2298 est
751 2235 838 2300 locus
864 2237 938 2299 llan.
965 2234 1044 2310 1400
1076 2235 1127 2298 ubi
1159 2236 1238 2302 haec

137 2345 251 2410 schol:
276 2341 488 2427 Ἀρίσταρχός
511 2368 609 2428 φησιν
630 2339 811 2420 ἀδεσπότοις
834 2346 929 2408 τοῦτο
951 2349 1170 2431 προφέρεσθαι
1193 2345 1237 2424 οἷς

138 2453 315 2535 Εὐριπίδου
349 2452 551 2536 πεποιηκότος
583 2449 773 2532 κυβεύοντας
807 2449 840 2516 ἐν
866 2456 909 2539 τρῖ
937 2458 1068 2542 Τηλέφῳ
1100 2448 1155 2528 ode
1183 2453 1238 2536 καὶ

139 2568 286 2644 περιεῖλε.
330 2562 528 2627 Aristarchus
552 2563 665 2645 igitur,
691 2581 779 2645 quum
807 2582 915 2627 versus
940 2563 991 2628 ille
1013 2564 1092 2645 apud
1114 2564 1238 2646 Euripi-

139 2671 207 2735 dem
229 2690 291 2735 non
314 2671 439 2753 amplius
462 2672 617 2755 legeretur
638 2674 779 2754 exposuit
793 2673 969 2754 Euripidem
992 2673 1023 2752 in
1047 2674 1143 2754 prime
1167 2675 1239 2755 qui-

141 2780 208 2864 dem
231 2781 354 2862 Telephi
381 2781 516 2846 editione
538 2781 688 2846 Achillem
718 2763 857 2864 aliosque
888 2783 1001 2846 heroas
1031 2783 1159 2847 tesseris
1188 2784 1238 2846 lu-

138 2890 248 2954 dentes
268 2891 369 2972 inepte
397 2892 540 2971 linxisse,
563 2893 616 2957 scd
641 2893 671 2954 in
701 2893 797 2958 alteru
819 2893 1005 2957 recensione
1032 2898 1125 2955 totam
1150 2894 1237 2958 istam

138 2983 262 3064 scenam
287 3002 495 3069 acerbissimis
518 3003 706 3066 comicorum
731 3002 975 3084 cavillationibus
997 3003 1106 3066 merito
1127 3004 1238 3086 exagi-

137 3115 227 3174 tatam
242 3110 405 3174 delevisse.
426 3112 599 3176 Aristarchi
615 3113 652 3176 de
664 3111 809 3176 hocloco
830 3113 1064 3194 disputationem
1074 3119 1236 3196 praeterea

137 3226 290 3284 servatam
313 3239 382 3284 esse
405 3222 573 3284 aZenobio
593 3222 638 3300 ΙΙ,
659 3222 699 3287 85
721 3225 837 3286 monuit
852 3223 1037 3288 Fritzschius
1064 3240 1173 3284 comm.
1196 3222 1237 3286 ad

137 3329 211 3392 Itan.
235 3349 262 3410 p.
280 3330 352 3394 425.
375 3331 458 3395 Eust.
484 3350 511 3411 p.
532 3331 620 3408 1397,
640 3332 677 3396 19
701 3332 784 3395 Phot.
799 3351 828 3414 p.
847 3333 918 3410 602,
942 3333 962 3396 8
986 3349 1164 3412 comparare
1185 3332 1236 3394 iu-

139 3439 191 3502 bet
215 3439 376 3502 Dubucrus
398 3460 426 3520 p.
444 3442 515 3531 537τ
540 3442 611 3504 edit.
636 3442 743 3521 Paris„
767 3459 843 3522 quos
866 3442 954 3505 locos
979 3459 1045 3502 cum
1068 3441 1128 3512 alio
1150 3441 1236 3506 Eust.

136 3567 164 3630 p.
189 3549 279 3632 1084,
299 3551 318 3622 2
342 3550 504 3630 exscripsit
526 3541 712 3612 Fr'itzschius
736 3549 754 3612 l.
780 3549 799 3611 l.

234 3657 455 3736 ¹Aristarchum
491 3659 522 3720 in
557 3659 648 3720 simili
682 3659 862 3739 quaestione
892 3665 1073 3740 occupatum
1102 3659 1237 3724 ostendit

137 3765 233 3830 schol.
257 3768 331 3852 R'an.
353 3769 452 3830 1270:
476 3757 597 3830 κύδιστ’
616 3759 780 3848 ’Apertum
803 3767 1019 3851 Ἀρίσταρχος
1042 3771 1096 3831 καί
1112 3767 1235 3833 Ἀπολ..

136 3871 266 3953 λώυιος,
287 3875 503 3954 ἐπισκέψασθε
529 3872 626 3936 πόθου
650 3877 720 3940 εἰσί.
769 3855 949 3958 ΤιμαχίδαςΙ
973 3877 1007 3938 δὲ
1030 3875 1062 3939 ἐκ
1089 3880 1234 3960 Τηλέφου

37 3988 41 3994 ’
136 3983 326 4064 Αἰσχύλου,
351 3979 587 4065 Ἀσκληπιάδης
618 3987 653 4046 dd
675 3986 707 4062 ἐξ
730 3986 922 4070 Ἰφιγευέιας.
967 3987 1070 4068 ltaque
1097 3986 1236 4048 Aristar-

138 4091 212 4155 chus
236 4100 265 4155 et
285 4092 465 4174 Apollonius
487 4093 517 4154 in
542 4112 692 4175 suspenso
721 4095 927 4182 reliquerunt,
959 4117 997 4159 ex
1019 4096 1237 4178 quanam-Ae·

137 4201 235 4290 schyli
256 4203 416 4290 tragoedia
434 4204 544 4287 petitus
565 4205 604 4270 sit
619 4223 744 4270 versus:
770 4201 907 4272 Kddccr'
931 4205 1075 4288 Ἀχαιῶν
1096 4205 1236 4306 Ἀπρίας
