2802 4724
599 313 847 392 ⁹32·-

173 504 380 574 testimonium
398 507 547 578 hebemus
565 511 662 576 schol.
679 513 754 576 Bon.
774 512 873 578 1437:
898 507 995 589 εἴτις
1018 511 1200 598 πτερώσαςε
1221 513 1276 592 Ὡς

177 614 287 692 λεπτὸς
311 617 438 702 σφόδρα
469 613 511 684 Ar
540 622 735 707 κωμῳδεῖται
763 625 816 685 καί
840 617 882 697 ώς
909 625 993 700 ξένος
1022 622 1076 687 καί
1097 620 1139 699 ώς
1161 620 1270 704 κόλαξ.

176 723 319 811 ἐμνήσθη
340 731 375 793 δὲ
394 732 449 794 καί
467 731 524 793 τοῦ
544 731 699 812 Κινησίου
723 729 766 805 ώς
787 729 900 795 τούτου
923 734 978 795 καί
998 736 1054 796 τοῦ
1079 735 1274 817 Κλεοκρίτου
1384 805 1385 828 ρ

176 831 462 921 ὁμοφρονούντων·
495 836 610 902 α’θετεῖ
634 839 669 900 δὲ
697 837 772 914 ταώς
795 843 886 904 πέντε
917 837 1030 927 ἐφεξῆς
1058 845 1185 922 στίχους
1213 845 1275 918 ἓως
1384 849 1385 862 ’

175 948 232 1016 τοῦ
253 942 409 1032 »ῥαίνοιεν
430 948 475 1022 είς
492 944 530 1011 ui
550 949 699 1032 βλέφαρα
721 952 785 1014 τών
799 952 968 1015 ἐναντίων11
980 950 1202 1034 Ἀρι1τταρχος.
1224 944 1276 1014 ὅτι

178 1055 406 1139 φορτικώτεροιΙ
419 1056 479 1120 εἶσι
494 1059 548 1120 καί
561 1059 708 1139 ου’τελεῖς,
725 1055 779 1121 διὰ
800 1058 888 1123 τοῦτο
902 1054 1142 1122 ώποπτεώοντοι.
1155 1057 1276 1123 Ἀπολ-

177 1164 287 1238 λώνιος
304 1166 340 1228 tt
362 1165 400 1227 οὐ
419 1163 472 1228 0ιὰ
496 1168 589 1230 τοῦτο
611 1165 680 1230 ἀλλ’
700 1163 748 1232 ὅτι
771 1168 810 1230 ου’
824 1165 903 1250 πρὸς
917 1166 973 1251 τὴν
987 1166 1142 1230 ὑπόθεσιν
1163 1165 1278 1250 ἔχουσι’

157 1292 214 1338 τι.
246 1271 404 1352 ἐρομένων
430 1276 465 1338 δὲ
488 1275 595 1338 ατίτών
619 1269 763 1355 ἑκάτερος
794 1276 871 1354 μίαν
900 1271 1025 1362 γνώμην
1048 1277 1151 1357 λέγει,
1172 1277 1273 1339 —ud

175 1395 204 1440 v.
227 1377 307 1444 1440
329 1381 424 1445 schol.
447 1383 523 1446 Ven.
547 1419 587 1431 -
610 1385 710 1447 ταῦτα
742 1384 774 1446 ot
799 1381 979 1466 η’θετημὲνα
1000 1386 1141 1467 μετρίοις
1164 1377 1203 1448 ἄν
1221 1407 1274 1458 τις

175 1485 334 1570 νομίσειεν
362 1491 635 1560 ἐνδιεσκεοοὶσθαι.
664 1493 719 1555 καί
738 1487 797 1574 γάρ
821 1488 885 1556 ἐστι
912 1488 1057 1577 φορτικά.
1085 1489 1123 1557 τοὶ
1146 1493 1181 1556 δὲ
1203 1486 1273 1577 ἑξῆς

175 1602 302 1678 κείμενα
317 1602 475 1682 πρέποντα
488 1604 541 1664 καί
555 1605 597 1687 τῷ
610 1605 721 1688 ποιητῇ
729 1604 783 1666 καί
795 1603 835 1687 τῇ
854 1600 1005 1666 ὑποθέσει
1014 1639 1051 1654 -
1064 1609 1094 1666 et
1105 1605 1143 1666 ad
1153 1623 1181 1667 v.
1194 1602 1273 1666 1452

176 1707 273 1771 sohol.
295 1710 392 1773 Veh:
414 1707 508 1776 ταυτί
527 1709 634 1792 πότερ’
658 1707 753 1785 αώτός
766 1724 778 1774 :‘
803 1714 1026 1776 Συναθετεῖται
1047 1720 1119 1792 τοῖςΙ
1132 1703 1201 1776 ἅνω
1222 1713 1277 1776 καί

178 1805 282 1891 οὗτος.
307 1821 409 1897 μένων
429 1816 491 1901 γάρ
518 1818 635 1900 οἷκυροῖ
653 1815 709 1901 τὴν
730 1815 856 1883 ἐκείνων
880 1818 1043 1903 ἀθέτησιν,
1066 1823 1099 1884 ἐν
1121 1811 1142 1902 ἧ
1164 1819 1274 1904 φαίνε-

174 1947 224 1986 ται
247 1921 286 1988 τὰ
306 1926 365 2006 μὲν
380 1927 516 2008 πρότερα
530 1922 695 2007 Αἴσχυλος
712 1927 810 2006 λέγων
831 1922 870 1988 τὰ
895 1929 929 1988 δὲ
952 1922 1023 2008 ἑξῆς
1041 1929 1217 2012 Εὐριπίδης
1235 1937 1271 2008 ¹).

173 2034 371 2117 Trogioorurn
402 2036 483 2099 enim
511 2035 676 2099 certamine
697 2035 803 2113 linito,
834 2039 903 2096 uter
930 2035 975 2097 rei
1002 2034 1142 2115 publicae
1173 2039 1273 2120 inagis
1384 2050 1385 2058 ’

166 2144 323 2227 prodesse
344 2146 450 2226 possit,
469 2145 590 2208 Boccho
614 2144 820 2226 quaerendum
840 2143 971 2222 videtur,
988 2144 1074 2207 onius
1092 2144 1273 2228 'interroga-

176 2254 251 2316 tioni
272 2274 301 2317 v.
330 2251 409 2317 1435
433 2272 499 2335 sq.:
538 2253 603 2316 ἀλλ’
634 2252 678 2317 ἔτι
708 2253 786 2332 μίαν
808 2246 940 2334 ’γνώμην
965 2243 1109 2335 ἑκάτερος
1142 2248 1272 2317 εἴπατον
1352 2304 1354 2307 v

175 2362 318 2445 περὶτῆς
337 2361 457 2436 πόλεως
480 2355 576 2442 ἥντιν’
596 2357 705 2442 ἔχετον
727 2363 885 2446 σωτηρίαν
899 2361 1013 2442 primus
1030 2361 1198 2444 respondet
1208 2363 1273 2425 Eu-

175 2473 290 2553 ripides
312 2493 341 2536 v.
362 2493 392 2535 v.
416 2472 506 2535 1437.
530 2471 591 2534 28:
614 2465 647 2532 εἴ
663 2493 708 2545 τις
730 2465 896 2553 πτερώσας
921 2469 1112 2556 Κλεόκριτον
1134 2471 1272 2560 Κινησίᾳ

174 2578 295 2664 αἴροιεν
318 2573 418 2664 αὖραι
447 2578 599 2661 πελαγίαν
629 2577 710 2665 ὑπὲρ
741 2576 845 2642 πλώκα
870 2585 931 2642 turn
955 2579 1069 2643 Bocchi
1096 2581 1271 2662 144018,γὲ-

175 2695 259 2753 1σιον
281 2684 319 2753 ών
340 2690 496 2774 φαίνοιτο·
521 2689 594 2752 νοεῖν
618 2691 647 2752 δ’
669 2684 735 2770 ἔχει
760 2691 831 2752 τίνα
856 2683 1044 2770 interpositis
1069 2691 1170 2773 pergit
1188 2711 1218 2753 v.
1244 2710 1271 2754 v.

177 2799 266 2862 1440.
291 2798 348 2862 41:
372 2799 403 2862 εί
423 2805 633 2882 ναυμαχοῖεν,
655 2788 722 2861 κᾶτ’
743 2795 867 2880 ἔχοντες
889 2796 997 2874 ὀξίδας
1019 2797 1156 2884 ῥαίνοιεν
1178 2799 1210 2872 ἐς
1232 2795 1269 2862 τοὶ

167 2911 324 2992 Ιβλέφαρα
348 2909 408 2972 τῶν
430 2908 587 2972 ἐναντίων,
621 2910 704 2985 Quos
724 2925 832 2971 versus
853 2925 961 2971 revere
978 2907 1116 2989 Euripidi
1138 2908 1175 2982 oh
1195 2907 1272 2970 Ari-

174 3018 322 3104 stophane
342 3019 470 3082 tributos
490 3037 561 3082 esse
582 3019 632 3082 vel
655 3017 727 3085 illud
749 3018 838 3082 iidem
860 3017 975 3099 adimit,
998 3019 1079 3100 quod
1096 3018 1163 3098 ipso
1178 3017 1272 3082 Euri-

173 3126 311 3207 pidesn.
339 3125 418 3190 1442
447 3127 577 3191 formula
599 3127 683 3207 loqui
716 3127 959 3208 incipientiumz-
981 3123 1062 3206 ἐγώ
1092 3129 1163 3204 μὲν
1198 3119 1269 3189 οἶδα

176 3236 303 3299 orditur.
348 3237 540 3318 Quapropter
561 3253 623 3298 non
651 3235 780 3315 rnirurn,
805 3237 864 3300 iarn
885 3235 1095 3300 Aristarchum
1120 3240 1151 3297 et
1171 3233 1270 3315 Apol-

175 3343 291 3408 lonium
317 3346 375 3410 hos
396 3362 505 3408 versus
530 3344 621 3408 obelo
643 3351 764 3409 notatos
783 3347 904 3426 spurios
927 3344 1270 3426 indioovisseJ-quibus

176 3455 310 3519 additum
334 3473 404 3518 esse
425 3475 454 3518 v.
476 3453 556 3519 1451
578 3455 620 3518 53
641 3474 680 3518 ex
700 3455 798 3518 schol.
823 3456 860 3519 ad
883 3454 912 3519 h.
934 3453 954 3515 l.
977 3453 1169 3535 intelligitur,
1194 3471 1270 3534 quos

176 3583 282 3628 ornnes
305 3578 367 3627 non
381 3563 579 3644 Aristophani
600 3564 655 3628 sed
678 3566 841 3646 primorum
864 3568 994 3628 aetatum
1017 3563 1132 3626 oritiois
1156 3561 1269 3642 tribuit,
1318 3625 1323 3634 ,

173 3671 205 3734 id
230 3671 310 3752 qnod
333 3685 371 3736 ex
394 3670 490 3734 schol.
515 3691 544 3734 v.
572 3668 652 3736 1440
672 3672 832 3738 verissime
854 3671 1010 3740 concludit
1031 3671 1227 3752 Fritzsohius‚
1252 3690 1270 3736 a

174 3837 494 3853 „uu—n*—

276 3958 301 4024 1)
320 3954 341 4006 E
365 3957 459 4026 quibus
484 3957 602 4026 sequitur
629 3957 726 4022 fuisso,
753 3957 798 4024 qui
817 3971 842 4010 ν.
865 3957 931 4012 1437
952 3966 979 4010 et
998 3958 1034 4026 48
1052 3966 1130 4028 atquo
1151 3958 1218 4010 1440
1242 3961 1268 4008 et

175 4047 242 4107 2441
255 4050 380 4118 Aeschyli
403 4053 554 4105 tribuerent.
582 4051 651 4116 Quae
673 4067 841 4120 personarum
860 4053 946 4106 turbas
968 4054 1063 4110 iontem
1082 4050 1177 4104 hebere
1197 4067 1269 4103 conr-

175 4165 287 4215 munorn,
307 4150 375 4219 qnod
395 4165 419 4200 v.
445 4149 512 4204 1442
531 4165 599 4202 πονε
622 4164 733 4216 persona
753 4150 839 4202 vorbis
859 4147 914 4224 ἐγώ
933 4153 986 4225 μὲν
1004 4150 1076 4220 loqui
1093 4149 1210 4218 incipere
1228 4151 1270 4203 vi·

174 4245 273 4316 deutur,
292 4247 358 4302 ιοῑια
376 4247 475 4309 munuli
493 4229 651 4304 trimetros
674 4245 691 4307 l.
712 4246 729 4301 l.
750 4264 775 4322 p.
793 4244 855 4308 435.
