<?xml version="1.0" encoding="UTF-8"?>
<!DOCTYPE html PUBLIC "-//W3C//DTD XHTML 1.0 Transitional//EN"
    "http://www.w3.org/TR/xhtml1/DTD/xhtml1-transitional.dtd">
<html xmlns="http://www.w3.org/1999/xhtml" xml:lang="en" lang="en">
 <head>
  <title>
</title>
<meta http-equiv="Content-Type" content="text/html;charset=utf-8" />
  <meta name='ocr-system' content='tesseract 3.04.00' />
  <meta name='ocr-capabilities' content='ocr_page ocr_carea ocr_par ocr_line ocrx_word'/>
</head>
<body>
  <div class='ocr_page' id='page_1' title='image "./dearistarchoari00gerhgoog_0008.png"; bbox 0 0 2802 4724; ppageno 0'>
   <div class='ocr_carea' id='block_1_1' title="bbox 458 811 1009 904">
    <p class='ocr_par' dir='ltr' id='par_1_1' title="bbox 458 811 1009 904">
     <span class='ocr_line' id='line_1_1' title="bbox 458 811 1009 904; baseline -0.013 0"><span class='ocrx_word' id='word_1_1' title='bbox 458 811 1009 904; x_wconf 71' lang='lat' dir='ltr'><strong>erumnarro&#39;</strong></span> 
     </span>
    </p>
   </div>
   <div class='ocr_carea' id='block_1_2' title="bbox 597 1041 836 1055">
    <p class='ocr_par' dir='ltr' id='par_1_2' title="bbox 597 1041 836 1055">
     <span class='ocr_line' id='line_1_2' title="bbox 597 1041 836 1055; baseline 0 0"><span class='ocrx_word' id='word_1_2' title='bbox 597 1041 836 1055; x_wconf 54' lang='lat' dir='ltr'><strong>m</strong></span> 
     </span>
    </p>
   </div>
   <div class='ocr_carea' id='block_1_3' title="bbox 160 1223 1315 4385">
    <p class='ocr_par' dir='ltr' id='par_1_3' title="bbox 162 1223 1315 2290">
     <span class='ocr_line' id='line_1_3' title="bbox 262 1223 1254 1314; baseline -0.011 -15"><span class='ocrx_word' id='word_1_3' title='bbox 262 1231 435 1314; x_wconf 71' lang='lat' dir='ltr'><strong>Aristarchi</strong></span> <span class='ocrx_word' id='word_1_4' title='bbox 456 1231 609 1296; x_wconf 87' lang='lat' dir='ltr'><strong>homerica</strong></span> <span class='ocrx_word' id='word_1_5' title='bbox 631 1231 733 1294; x_wconf 89' lang='lat' dir='ltr'><strong>studia</strong></span> <span class='ocrx_word' id='word_1_6' title='bbox 755 1249 774 1295; x_wconf 90' lang='lat' dir='ltr'><strong>a</strong></span> <span class='ocrx_word' id='word_1_7' title='bbox 794 1228 924 1294; x_wconf 80' lang='lat' dir='ltr'><strong>Lehrsio</strong></span> <span class='ocrx_word' id='word_1_8' title='bbox 942 1225 1071 1310; x_wconf 85' lang='lat' dir='ltr'><strong>egregie</strong></span> <span class='ocrx_word' id='word_1_9' title='bbox 1092 1223 1254 1290; x_wconf 81' lang='lat' dir='ltr'><strong>illustrata</strong></span> 
     </span>
     <span class='ocr_line' id='line_1_4' title="bbox 164 1333 1255 1426; baseline -0.015 -12"><span class='ocrx_word' id='word_1_10' title='bbox 164 1342 227 1414; x_wconf 90' lang='lat' dir='ltr'><strong>iam</strong></span> <span class='ocrx_word' id='word_1_11' title='bbox 251 1346 361 1409; x_wconf 91' lang='lat' dir='ltr'><strong>dudum</strong></span> <span class='ocrx_word' id='word_1_12' title='bbox 386 1343 444 1408; x_wconf 91' lang='lat' dir='ltr'><strong>sihi</strong></span> <span class='ocrx_word' id='word_1_13' title='bbox 465 1342 649 1426; x_wconf 83' lang='lat' dir='ltr'><strong>flagitarunt</strong></span> <span class='ocrx_word' id='word_1_14' title='bbox 678 1342 715 1404; x_wconf 89' lang='lat' dir='ltr'><strong>de</strong></span> <span class='ocrx_word' id='word_1_15' title='bbox 740 1358 836 1422; x_wconf 91' lang='lat' dir='ltr'><strong>opera</strong></span> <span class='ocrx_word' id='word_1_16' title='bbox 862 1340 928 1403; x_wconf 92' lang='lat' dir='ltr'><strong>eius</strong></span> <span class='ocrx_word' id='word_1_17' title='bbox 949 1338 1020 1404; x_wconf 90' lang='lat' dir='ltr'><strong>aliis</strong></span> <span class='ocrx_word' id='word_1_18' title='bbox 1043 1335 1145 1419; x_wconf 88' lang='lat' dir='ltr'><strong>poetis</strong></span> <span class='ocrx_word' id='word_1_19' title='bbox 1166 1333 1255 1400; x_wconf 86' lang='lat' dir='ltr'><strong>adhi-</strong></span> 
     </span>
     <span class='ocr_line' id='line_1_5' title="bbox 163 1443 1257 1536; baseline -0.012 -16"><span class='ocrx_word' id='word_1_20' title='bbox 163 1453 227 1520; x_wconf 88' lang='lat' dir='ltr'><strong>hita</strong></span> <span class='ocrx_word' id='word_1_21' title='bbox 250 1458 425 1518; x_wconf 81' lang='lat' dir='ltr'><strong>accuratam</strong></span> <span class='ocrx_word' id='word_1_22' title='bbox 447 1451 698 1536; x_wconf 80' lang='lat' dir='ltr'><strong>disquisitionem.</strong></span> <span class='ocrx_word' id='word_1_23' title='bbox 750 1453 836 1527; x_wconf 78' lang='lat' dir='ltr'><strong>Quae</strong></span> <span class='ocrx_word' id='word_1_24' title='bbox 865 1449 1004 1533; x_wconf 88' lang='lat' dir='ltr'><strong>quamvis</strong></span> <span class='ocrx_word' id='word_1_25' title='bbox 1032 1445 1125 1512; x_wconf 81' lang='lat' dir='ltr'><strong>valde</strong></span> <span class='ocrx_word' id='word_1_26' title='bbox 1150 1443 1257 1510; x_wconf 88' lang='lat' dir='ltr'><strong>allice·</strong></span> 
     </span>
     <span class='ocr_line' id='line_1_6' title="bbox 162 1556 1257 1643; baseline -0.01 -16"><span class='ocrx_word' id='word_1_27' title='bbox 162 1569 212 1628; x_wconf 91' lang='lat' dir='ltr'><strong>ret</strong></span> <span class='ocrx_word' id='word_1_28' title='bbox 233 1562 374 1626; x_wconf 87' lang='lat' dir='ltr'><strong>iuvenem</strong></span> <span class='ocrx_word' id='word_1_29' title='bbox 396 1559 436 1627; x_wconf 92' lang='lat' dir='ltr'><strong>ad</strong></span> <span class='ocrx_word' id='word_1_30' title='bbox 455 1577 639 1643; x_wconf 83' lang='lat' dir='ltr'><strong>magnorum</strong></span> <span class='ocrx_word' id='word_1_31' title='bbox 659 1560 796 1623; x_wconf 89' lang='lat' dir='ltr'><strong>virorum</strong></span> <span class='ocrx_word' id='word_1_32' title='bbox 821 1557 963 1640; x_wconf 84' lang='lat' dir='ltr'><strong>exempla</strong></span> <span class='ocrx_word' id='word_1_33' title='bbox 983 1556 1086 1619; x_wconf 89' lang='lat' dir='ltr'><strong>studia</strong></span> <span class='ocrx_word' id='word_1_34' title='bbox 1105 1575 1162 1620; x_wconf 87' lang='lat' dir='ltr'><strong>sua</strong></span> <span class='ocrx_word' id='word_1_35' title='bbox 1182 1571 1257 1617; x_wconf 89' lang='lat' dir='ltr'><strong>con-</strong></span> 
     </span>
     <span class='ocr_line' id='line_1_7' title="bbox 162 1665 1258 1756; baseline -0.009 -18"><span class='ocrx_word' id='word_1_36' title='bbox 162 1677 386 1753; x_wconf 81' lang='lat' dir='ltr'><strong>formaturnm‚</strong></span> <span class='ocrx_word' id='word_1_37' title='bbox 425 1677 526 1735; x_wconf 86' lang='lat' dir='ltr'><strong>tamen</strong></span> <span class='ocrx_word' id='word_1_38' title='bbox 564 1671 723 1734; x_wconf 86' lang='lat' dir='ltr'><strong>doctrinae</strong></span> <span class='ocrx_word' id='word_1_39' title='bbox 757 1669 897 1750; x_wconf 88' lang='lat' dir='ltr'><strong>copiolae</strong></span> <span class='ocrx_word' id='word_1_40' title='bbox 934 1667 1005 1756; x_wconf 90' lang='lat' dir='ltr'><strong>huic</strong></span> <span class='ocrx_word' id='word_1_41' title='bbox 1048 1665 1135 1750; x_wconf 88' lang='lat' dir='ltr'><strong>operi</strong></span> <span class='ocrx_word' id='word_1_42' title='bbox 1172 1665 1258 1729; x_wconf 88' lang='lat' dir='ltr'><strong>nullo</strong></span> 
     </span>
     <span class='ocr_line' id='line_1_8' title="bbox 162 1773 1256 1860; baseline -0.009 -12"><span class='ocrx_word' id='word_1_43' title='bbox 162 1784 251 1848; x_wconf 90' lang='lat' dir='ltr'><strong>modo</strong></span> <span class='ocrx_word' id='word_1_44' title='bbox 271 1784 415 1847; x_wconf 86' lang='lat' dir='ltr'><strong>sufficere</strong></span> <span class='ocrx_word' id='word_1_45' title='bbox 436 1779 517 1844; x_wconf 90' lang='lat' dir='ltr'><strong>mihi</strong></span> <span class='ocrx_word' id='word_1_46' title='bbox 530 1779 724 1843; x_wconf 89' lang='lat' dir='ltr'><strong>videbantur.</strong></span> <span class='ocrx_word' id='word_1_47' title='bbox 775 1782 972 1860; x_wconf 75' lang='lat' dir='ltr'><strong>Quapropter</strong></span> <span class='ocrx_word' id='word_1_48' title='bbox 993 1775 1026 1839; x_wconf 91' lang='lat' dir='ltr'><strong>in</strong></span> <span class='ocrx_word' id='word_1_49' title='bbox 1048 1773 1256 1857; x_wconf 77' lang='lat' dir='ltr'><strong>Aristophane</strong></span> 
     </span>
     <span class='ocr_line' id='line_1_9' title="bbox 164 1886 1315 1976; baseline -0.009 -18"><span class='ocrx_word' id='word_1_50' title='bbox 164 1899 255 1976; x_wconf 87' lang='lat' dir='ltr'><strong>poeta</strong></span> <span class='ocrx_word' id='word_1_51' title='bbox 276 1892 501 1956; x_wconf 88' lang='lat' dir='ltr'><strong>subsistendum</strong></span> <span class='ocrx_word' id='word_1_52' title='bbox 530 1896 636 1971; x_wconf 91' lang='lat' dir='ltr'><strong>ratus,</strong></span> <span class='ocrx_word' id='word_1_53' title='bbox 663 1892 703 1954; x_wconf 89' lang='lat' dir='ltr'><strong>ad</strong></span> <span class='ocrx_word' id='word_1_54' title='bbox 732 1907 820 1974; x_wconf 83' lang='lat' dir='ltr'><strong>quem</strong></span> <span class='ocrx_word' id='word_1_55' title='bbox 844 1889 975 1955; x_wconf 86' lang='lat' dir='ltr'><strong>maxime</strong></span> <span class='ocrx_word' id='word_1_56' title='bbox 1002 1888 1061 1951; x_wconf 91' lang='lat' dir='ltr'><strong>hoc</strong></span> <span class='ocrx_word' id='word_1_57' title='bbox 1090 1886 1258 1952; x_wconf 84' lang='lat' dir='ltr'><strong>novissimo</strong></span> <span class='ocrx_word' id='word_1_58' title='bbox 1299 1909 1315 1966; x_wconf 68' lang='lat'><strong>⁶.</strong></span> 
     </span>
     <span class='ocr_line' id='line_1_10' title="bbox 164 1997 1262 2085; baseline -0.005 -18"><span class='ocrx_word' id='word_1_59' title='bbox 164 2009 301 2085; x_wconf 91' lang='lat' dir='ltr'><strong>tempore</strong></span> <span class='ocrx_word' id='word_1_60' title='bbox 323 2002 494 2067; x_wconf 88' lang='lat' dir='ltr'><strong>studiorum</strong></span> <span class='ocrx_word' id='word_1_61' title='bbox 519 2019 655 2065; x_wconf 89' lang='lat' dir='ltr'><strong>meorum</strong></span> <span class='ocrx_word' id='word_1_62' title='bbox 677 2001 798 2064; x_wconf 89' lang='lat' dir='ltr'><strong>ratione</strong></span> <span class='ocrx_word' id='word_1_63' title='bbox 820 2002 963 2081; x_wconf 81' lang='lat' dir='ltr'><strong>ferebar,</strong></span> <span class='ocrx_word' id='word_1_64' title='bbox 985 1998 1166 2065; x_wconf 79' lang='lat' dir='ltr'><strong>Aristarcho</strong></span> <span class='ocrx_word' id='word_1_65' title='bbox 1188 1997 1262 2082; x_wconf 86' lang='lat' dir='ltr'><strong>quid</strong></span> 
     </span>
     <span class='ocr_line' id='line_1_11' title="bbox 162 2109 1260 2194; baseline -0.002 -18"><span class='ocrx_word' id='word_1_66' title='bbox 162 2112 254 2176; x_wconf 92' lang='lat' dir='ltr'><strong>huius</strong></span> <span class='ocrx_word' id='word_1_67' title='bbox 274 2117 385 2194; x_wconf 90' lang='lat' dir='ltr'><strong>poetae</strong></span> <span class='ocrx_word' id='word_1_68' title='bbox 411 2113 521 2178; x_wconf 87' lang='lat' dir='ltr'><strong>debeat</strong></span> <span class='ocrx_word' id='word_1_69' title='bbox 546 2109 763 2192; x_wconf 81' lang='lat' dir='ltr'><strong>interpretatio</strong></span> <span class='ocrx_word' id='word_1_70' title='bbox 787 2109 896 2173; x_wconf 90' lang='lat' dir='ltr'><strong>ordine</strong></span> <span class='ocrx_word' id='word_1_71' title='bbox 919 2129 958 2174; x_wconf 88' lang='lat' dir='ltr'><strong>ac</strong></span> <span class='ocrx_word' id='word_1_72' title='bbox 985 2109 1039 2172; x_wconf 85' lang='lat' dir='ltr'><strong>via</strong></span> <span class='ocrx_word' id='word_1_73' title='bbox 1067 2113 1260 2188; x_wconf 86' lang='lat' dir='ltr'><strong>pertractare</strong></span> 
     </span>
     <span class='ocr_line' id='line_1_12' title="bbox 163 2224 809 2290; baseline -0.003 0"><span class='ocrx_word' id='word_1_74' title='bbox 163 2225 268 2290; x_wconf 88' lang='lat' dir='ltr'><strong>malui.</strong></span> <span class='ocrx_word' id='word_1_75' title='bbox 806 2224 809 2230; x_wconf 76' lang='grc'><em>’</em></span> 
     </span>
    </p>

    <p class='ocr_par' dir='ltr' id='par_1_4' title="bbox 160 2328 1263 4385">
     <span class='ocr_line' id='line_1_13' title="bbox 266 2328 1262 2416; baseline -0.006 -16"><span class='ocrx_word' id='word_1_76' title='bbox 266 2333 331 2400; x_wconf 88' lang='lat' dir='ltr'><strong>Sed</strong></span> <span class='ocrx_word' id='word_1_77' title='bbox 352 2351 442 2416; x_wconf 83' lang='lat' dir='ltr'><strong>quum</strong></span> <span class='ocrx_word' id='word_1_78' title='bbox 469 2331 590 2397; x_wconf 86' lang='lat' dir='ltr'><strong>scholia</strong></span> <span class='ocrx_word' id='word_1_79' title='bbox 611 2331 840 2415; x_wconf 76' lang='lat' dir='ltr'><strong>Aristophanen</strong></span> <span class='ocrx_word' id='word_1_80' title='bbox 861 2328 953 2394; x_wconf 92' lang='lat' dir='ltr'><strong>huius</strong></span> <span class='ocrx_word' id='word_1_81' title='bbox 982 2329 1171 2412; x_wconf 81' lang='lat' dir='ltr'><strong>quaestionis</strong></span> <span class='ocrx_word' id='word_1_82' title='bbox 1191 2331 1262 2394; x_wconf 83' lang='lat' dir='ltr'><strong>lou-</strong></span> 
     </span>
     <span class='ocr_line' id='line_1_14' title="bbox 169 2440 1262 2526; baseline -0.004 -18"><span class='ocrx_word' id='word_1_83' title='bbox 169 2444 318 2508; x_wconf 84' lang='lat' dir='ltr'><strong>temlero</strong></span> <span class='ocrx_word' id='word_1_84' title='bbox 342 2441 459 2506; x_wconf 90' lang='lat' dir='ltr'><strong>unicum</strong></span> <span class='ocrx_word' id='word_1_85' title='bbox 482 2443 650 2526; x_wconf 84' lang='lat' dir='ltr'><strong>diligenter</strong></span> <span class='ocrx_word' id='word_1_86' title='bbox 669 2445 910 2523; x_wconf 84' lang='lat' dir='ltr'><strong>perlustrarem,</strong></span> <span class='ocrx_word' id='word_1_87' title='bbox 931 2440 1122 2526; x_wconf 86' lang='lat' dir='ltr'><strong>reliquorum</strong></span> <span class='ocrx_word' id='word_1_88' title='bbox 1152 2447 1262 2524; x_wconf 89' lang='lat' dir='ltr'><strong>poetae</strong></span> 
     </span>
     <span class='ocr_line' id='line_1_15' title="bbox 169 2549 1263 2636; baseline 0.001 -22"><span class='ocrx_word' id='word_1_89' title='bbox 169 2553 369 2634; x_wconf 84' lang='lat' dir='ltr'><strong>interpretum</strong></span> <span class='ocrx_word' id='word_1_90' title='bbox 390 2552 538 2616; x_wconf 89' lang='lat' dir='ltr'><strong>neminem</strong></span> <span class='ocrx_word' id='word_1_91' title='bbox 559 2551 664 2616; x_wconf 87' lang='lat' dir='ltr'><strong>inveni</strong></span> <span class='ocrx_word' id='word_1_92' title='bbox 680 2551 739 2636; x_wconf 70' lang='lat' dir='ltr'><strong>‘qui</strong></span> <span class='ocrx_word' id='word_1_93' title='bbox 763 2551 865 2633; x_wconf 89' lang='lat' dir='ltr'><strong>aptius</strong></span> <span class='ocrx_word' id='word_1_94' title='bbox 886 2569 953 2614; x_wconf 90' lang='lat' dir='ltr'><strong>cum</strong></span> <span class='ocrx_word' id='word_1_95' title='bbox 975 2549 1158 2615; x_wconf 85' lang='lat' dir='ltr'><strong>Aristarcho</strong></span> <span class='ocrx_word' id='word_1_96' title='bbox 1181 2571 1263 2616; x_wconf 87' lang='lat' dir='ltr'><strong>eorn-</strong></span> 
     </span>
     <span class='ocr_line' id='line_1_16' title="bbox 168 2660 1263 2744; baseline -0.002 -18"><span class='ocrx_word' id='word_1_97' title='bbox 168 2661 274 2744; x_wconf 89' lang='lat' dir='ltr'><strong>parari</strong></span> <span class='ocrx_word' id='word_1_98' title='bbox 298 2661 396 2744; x_wconf 87' lang='lat' dir='ltr'><strong>possit</strong></span> <span class='ocrx_word' id='word_1_99' title='bbox 415 2667 540 2743; x_wconf 91' lang='lat' dir='ltr'><strong>praeter</strong></span> <span class='ocrx_word' id='word_1_100' title='bbox 560 2660 780 2743; x_wconf 81' lang='lat' dir='ltr'><strong>llnphroninm.</strong></span> <span class='ocrx_word' id='word_1_101' title='bbox 834 2663 930 2737; x_wconf 78' lang='lat' dir='ltr'><strong>Quem</strong></span> <span class='ocrx_word' id='word_1_102' title='bbox 953 2680 1042 2744; x_wconf 86' lang='lat' dir='ltr'><strong>quum</strong></span> <span class='ocrx_word' id='word_1_103' title='bbox 1064 2661 1147 2724; x_wconf 88' lang='lat' dir='ltr'><strong>inter</strong></span> <span class='ocrx_word' id='word_1_104' title='bbox 1165 2660 1263 2739; x_wconf 81' lang='lat' dir='ltr'><strong>Didy-</strong></span> 
     </span>
     <span class='ocr_line' id='line_1_17' title="bbox 166 2769 1263 2854; baseline 0 -20"><span class='ocrx_word' id='word_1_105' title='bbox 166 2790 246 2835; x_wconf 88' lang='lat' dir='ltr'><strong>mnm</strong></span> <span class='ocrx_word' id='word_1_106' title='bbox 268 2777 298 2834; x_wconf 87' lang='lat' dir='ltr'><strong>et</strong></span> <span class='ocrx_word' id='word_1_107' title='bbox 321 2770 528 2835; x_wconf 83' lang='lat' dir='ltr'><strong>Herodianum</strong></span> <span class='ocrx_word' id='word_1_108' title='bbox 550 2771 667 2836; x_wconf 85' lang='lat' dir='ltr'><strong>vixisse</strong></span> <span class='ocrx_word' id='word_1_109' title='bbox 688 2772 820 2854; x_wconf 88' lang='lat' dir='ltr'><strong>probata</strong></span> <span class='ocrx_word' id='word_1_110' title='bbox 849 2769 924 2832; x_wconf 91' lang='lat' dir='ltr'><strong>mihi</strong></span> <span class='ocrx_word' id='word_1_111' title='bbox 952 2771 994 2834; x_wconf 91' lang='lat' dir='ltr'><strong>sit</strong></span> <span class='ocrx_word' id='word_1_112' title='bbox 1016 2769 1197 2834; x_wconf 85' lang='lat' dir='ltr'><strong>Schneideri</strong></span> <span class='ocrx_word' id='word_1_113' title='bbox 1225 2771 1263 2834; x_wconf 92' lang='lat' dir='ltr'><strong>de</strong></span> 
     </span>
     <span class='ocr_line' id='line_1_18' title="bbox 168 2879 1263 2962; baseline 0.002 -19"><span class='ocrx_word' id='word_1_114' title='bbox 168 2884 243 2944; x_wconf 84' lang='lat' dir='ltr'><strong>font.</strong></span> <span class='ocrx_word' id='word_1_115' title='bbox 268 2879 331 2944; x_wconf 88' lang='lat' dir='ltr'><strong>seh.</strong></span> <span class='ocrx_word' id='word_1_116' title='bbox 353 2898 384 2961; x_wconf 92' lang='lat' dir='ltr'><strong>p.</strong></span> <span class='ocrx_word' id='word_1_117' title='bbox 403 2885 446 2944; x_wconf 72' lang='grc'><strong>87</strong></span> <span class='ocrx_word' id='word_1_118' title='bbox 467 2882 629 2962; x_wconf 89' lang='lat' dir='ltr'><strong>sententia,</strong></span> <span class='ocrx_word' id='word_1_119' title='bbox 651 2880 761 2945; x_wconf 88' lang='lat' dir='ltr'><strong>studiis</strong></span> <span class='ocrx_word' id='word_1_120' title='bbox 783 2879 1002 2960; x_wconf 82' lang='lat' dir='ltr'><strong>Aristophanis</strong></span> <span class='ocrx_word' id='word_1_121' title='bbox 1025 2899 1087 2942; x_wconf 90' lang='lat' dir='ltr'><strong>non</strong></span> <span class='ocrx_word' id='word_1_122' title='bbox 1107 2879 1263 2945; x_wconf 87' lang='lat' dir='ltr'><strong>intermis-</strong></span> 
     </span>
     <span class='ocr_line' id='line_1_19' title="bbox 168 2989 1263 3075; baseline 0 -21"><span class='ocrx_word' id='word_1_123' title='bbox 168 2991 210 3054; x_wconf 90' lang='lat' dir='ltr'><strong>sis</strong></span> <span class='ocrx_word' id='word_1_124' title='bbox 232 2990 352 3075; x_wconf 86' lang='lat' dir='ltr'><strong>quidem</strong></span> <span class='ocrx_word' id='word_1_125' title='bbox 374 2990 429 3052; x_wconf 92' lang='lat' dir='ltr'><strong>sed</strong></span> <span class='ocrx_word' id='word_1_126' title='bbox 448 2989 539 3055; x_wconf 90' lang='lat' dir='ltr'><strong>docta</strong></span> <span class='ocrx_word' id='word_1_127' title='bbox 560 2991 722 3054; x_wconf 84' lang='lat' dir='ltr'><strong>sedulitate</strong></span> <span class='ocrx_word' id='word_1_128' title='bbox 742 2990 1014 3071; x_wconf 87' lang='lat' dir='ltr'><strong>languescentibus</strong></span> <span class='ocrx_word' id='word_1_129' title='bbox 1038 3008 1151 3053; x_wconf 88' lang='lat' dir='ltr'><strong>novum</strong></span> <span class='ocrx_word' id='word_1_130' title='bbox 1174 2991 1263 3073; x_wconf 84' lang='lat' dir='ltr'><strong>vigo-</strong></span> 
     </span>
     <span class='ocr_line' id='line_1_20' title="bbox 170 3097 1263 3181; baseline 0.004 -21"><span class='ocrx_word' id='word_1_131' title='bbox 170 3115 231 3162; x_wconf 91' lang='lat' dir='ltr'><strong>rem</strong></span> <span class='ocrx_word' id='word_1_132' title='bbox 251 3097 395 3164; x_wconf 87' lang='lat' dir='ltr'><strong>attulisse</strong></span> <span class='ocrx_word' id='word_1_133' title='bbox 418 3099 572 3180; x_wconf 88' lang='lat' dir='ltr'><strong>putandus</strong></span> <span class='ocrx_word' id='word_1_134' title='bbox 594 3105 649 3164; x_wconf 84' lang='lat' dir='ltr'><strong>est.</strong></span> <span class='ocrx_word' id='word_1_135' title='bbox 685 3101 763 3164; x_wconf 89' lang='lat' dir='ltr'><strong>Nam</strong></span> <span class='ocrx_word' id='word_1_136' title='bbox 779 3099 965 3163; x_wconf 89' lang='lat' dir='ltr'><strong>comicorum</strong></span> <span class='ocrx_word' id='word_1_137' title='bbox 978 3099 1263 3181; x_wconf 86' lang='lat' dir='ltr'><strong>interpretationem</strong></span> 
     </span>
     <span class='ocr_line' id='line_1_21' title="bbox 164 3207 1263 3291; baseline 0.003 -19"><span class='ocrx_word' id='word_1_138' title='bbox 164 3208 349 3290; x_wconf 84' lang='lat' dir='ltr'><strong>peculiarem</strong></span> <span class='ocrx_word' id='word_1_139' title='bbox 385 3208 576 3288; x_wconf 86' lang='lat' dir='ltr'><strong>provinciam</strong></span> <span class='ocrx_word' id='word_1_140' title='bbox 608 3209 667 3273; x_wconf 90' lang='lat' dir='ltr'><strong>sihi</strong></span> <span class='ocrx_word' id='word_1_141' title='bbox 697 3207 872 3289; x_wconf 80' lang='lat' dir='ltr'><strong>delegisse,</strong></span> <span class='ocrx_word' id='word_1_142' title='bbox 895 3209 974 3274; x_wconf 89' lang='lat' dir='ltr'><strong>alios</strong></span> <span class='ocrx_word' id='word_1_143' title='bbox 1003 3215 1111 3291; x_wconf 88' lang='lat' dir='ltr'><strong>poetas</strong></span> <span class='ocrx_word' id='word_1_144' title='bbox 1141 3228 1180 3272; x_wconf 94' lang='lat' dir='ltr'><strong>ue</strong></span> <span class='ocrx_word' id='word_1_145' title='bbox 1214 3217 1263 3275; x_wconf 88' lang='lat' dir='ltr'><strong>at-</strong></span> 
     </span>
     <span class='ocr_line' id='line_1_22' title="bbox 166 3316 1263 3401; baseline 0.003 -21"><span class='ocrx_word' id='word_1_146' title='bbox 166 3316 277 3400; x_wconf 82' lang='lat' dir='ltr'><strong>tigisse</strong></span> <span class='ocrx_word' id='word_1_147' title='bbox 300 3316 420 3400; x_wconf 88' lang='lat' dir='ltr'><strong>quidem</strong></span> <span class='ocrx_word' id='word_1_148' title='bbox 443 3318 551 3399; x_wconf 86' lang='lat' dir='ltr'><strong>paucis</strong></span> <span class='ocrx_word' id='word_1_149' title='bbox 573 3317 637 3382; x_wconf 91' lang='lat' dir='ltr'><strong>illis</strong></span> <span class='ocrx_word' id='word_1_150' title='bbox 658 3318 756 3400; x_wconf 88' lang='lat' dir='ltr'><strong>loeis,</strong></span> <span class='ocrx_word' id='word_1_151' title='bbox 776 3319 808 3381; x_wconf 90' lang='lat' dir='ltr'><strong>in</strong></span> <span class='ocrx_word' id='word_1_152' title='bbox 829 3318 938 3401; x_wconf 89' lang='lat' dir='ltr'><strong>quihus</strong></span> <span class='ocrx_word' id='word_1_153' title='bbox 960 3324 1084 3400; x_wconf 88' lang='lat' dir='ltr'><strong>praeter</strong></span> <span class='ocrx_word' id='word_1_154' title='bbox 1105 3319 1263 3401; x_wconf 89' lang='lat' dir='ltr'><strong>Aristoph.</strong></span> 
     </span>
     <span class='ocr_line' id='line_1_23' title="bbox 163 3425 1262 3511; baseline 0.003 -20"><span class='ocrx_word' id='word_1_155' title='bbox 163 3425 284 3491; x_wconf 87' lang='lat' dir='ltr'><strong>scholia</strong></span> <span class='ocrx_word' id='word_1_156' title='bbox 306 3434 560 3492; x_wconf 88' lang='lat' dir='ltr'><strong>commemoratur</strong></span> <span class='ocrx_word' id='word_1_157' title='bbox 582 3427 695 3510; x_wconf 85' lang='lat' dir='ltr'><strong>optime</strong></span> <span class='ocrx_word' id='word_1_158' title='bbox 724 3431 922 3492; x_wconf 87' lang='lat' dir='ltr'><strong>confirmatur</strong></span> <span class='ocrx_word' id='word_1_159' title='bbox 943 3428 1014 3492; x_wconf 89' lang='lat' dir='ltr'><strong>Ath.</strong></span> <span class='ocrx_word' id='word_1_160' title='bbox 1031 3431 1075 3492; x_wconf 90' lang='lat' dir='ltr'><strong>Xl</strong></span> <span class='ocrx_word' id='word_1_161' title='bbox 1097 3450 1126 3511; x_wconf 89' lang='lat' dir='ltr'><strong>p.</strong></span> <span class='ocrx_word' id='word_1_162' title='bbox 1149 3431 1213 3492; x_wconf 81' lang='grc'><strong>495</strong></span> <span class='ocrx_word' id='word_1_163' title='bbox 1228 3429 1262 3494; x_wconf 75' lang='lat' dir='ltr'><strong>(l.</strong></span> 
     </span>
     <span class='ocr_line' id='line_1_24' title="bbox 164 3532 1262 3620; baseline 0.006 -24"><span class='ocrx_word' id='word_1_164' title='bbox 164 3534 254 3597; x_wconf 84' lang='lat' dir='ltr'><strong>Phot.</strong></span> <span class='ocrx_word' id='word_1_165' title='bbox 274 3557 303 3616; x_wconf 90' lang='lat' dir='ltr'><strong>p.</strong></span> <span class='ocrx_word' id='word_1_166' title='bbox 327 3540 399 3618; x_wconf 81' lang='grc'><strong>195,</strong></span> <span class='ocrx_word' id='word_1_167' title='bbox 422 3544 474 3601; x_wconf 91' lang='grc'><strong>11.</strong></span> <span class='ocrx_word' id='word_1_168' title='bbox 495 3543 558 3602; x_wconf 84' lang='grc'><strong>983</strong></span> <span class='ocrx_word' id='word_1_169' title='bbox 578 3539 712 3602; x_wconf 79' lang='lat' dir='ltr'><strong>&#39;luetzes</strong></span> <span class='ocrx_word' id='word_1_170' title='bbox 736 3539 774 3603; x_wconf 89' lang='lat' dir='ltr'><strong>ad</strong></span> <span class='ocrx_word' id='word_1_171' title='bbox 798 3538 952 3620; x_wconf 87' lang='lat' dir='ltr'><strong>hyoophr.</strong></span> <span class='ocrx_word' id='word_1_172' title='bbox 965 3543 1039 3602; x_wconf 75' lang='grc'><strong>387.</strong></span> <span class='ocrx_word' id='word_1_173' title='bbox 1061 3532 1161 3616; x_wconf 84' lang='lat' dir='ltr'><strong>lltym.</strong></span> <span class='ocrx_word' id='word_1_174' title='bbox 1174 3541 1215 3603; x_wconf 87' lang='grc' dir='ltr'><strong>Μ.</strong></span> <span class='ocrx_word' id='word_1_175' title='bbox 1233 3561 1262 3603; x_wconf 86' lang='grc' dir='ltr'><strong>ν.</strong></span> 
     </span>
     <span class='ocr_line' id='line_1_25' title="bbox 165 3638 1261 3727; baseline 0.012 -28"><span class='ocrx_word' id='word_1_176' title='bbox 165 3638 314 3720; x_wconf 73' lang='grc' dir='ltr'><strong>ἑνεργμός</strong></span> <span class='ocrx_word' id='word_1_177' title='bbox 333 3645 465 3724; x_wconf 88' lang='lat' dir='ltr'><strong>llesyoh.</strong></span> <span class='ocrx_word' id='word_1_178' title='bbox 482 3664 512 3711; x_wconf 85' lang='lat' dir='ltr'><strong>r.</strong></span> <span class='ocrx_word' id='word_1_179' title='bbox 535 3645 751 3725; x_wconf 75' lang='lat' dir='ltr'><strong>tauroentda3</strong></span> <span class='ocrx_word' id='word_1_180' title='bbox 775 3667 845 3710; x_wconf 86' lang='lat' dir='ltr'><strong>nam</strong></span> <span class='ocrx_word' id='word_1_181' title='bbox 868 3646 953 3711; x_wconf 84' lang='lat' dir='ltr'><strong>Suid.</strong></span> <span class='ocrx_word' id='word_1_182' title='bbox 969 3667 998 3712; x_wconf 90' lang='lat' dir='ltr'><strong>v.</strong></span> <span class='ocrx_word' id='word_1_183' title='bbox 1013 3640 1145 3727; x_wconf 73' lang='grc' dir='ltr'><strong><em>κηρύκος</em></strong></span> <span class='ocrx_word' id='word_1_184' title='bbox 1165 3646 1261 3712; x_wconf 88' lang='lat' dir='ltr'><strong>schol.</strong></span> 
     </span>
     <span class='ocr_line' id='line_1_26' title="bbox 164 3747 1260 3840; baseline 0.007 -26"><span class='ocrx_word' id='word_1_185' title='bbox 164 3753 220 3815; x_wconf 91' lang='lat' dir='ltr'><strong>Ar.</strong></span> <span class='ocrx_word' id='word_1_186' title='bbox 236 3757 307 3816; x_wconf 78' lang='lat'><strong>299.</strong></span> <span class='ocrx_word' id='word_1_187' title='bbox 323 3777 352 3819; x_wconf 84' lang='lat' dir='ltr'><strong>v.</strong></span> <span class='ocrx_word' id='word_1_188' title='bbox 366 3747 543 3838; x_wconf 66' lang='lat' dir='ltr'><strong>Actapcpdr</strong></span> <span class='ocrx_word' id='word_1_189' title='bbox 565 3754 662 3821; x_wconf 91' lang='lat' dir='ltr'><strong>schol.</strong></span> <span class='ocrx_word' id='word_1_190' title='bbox 682 3756 740 3824; x_wconf 86' lang='lat' dir='ltr'><strong>Ar.</strong></span> <span class='ocrx_word' id='word_1_191' title='bbox 752 3761 825 3820; x_wconf 81' lang='grc'><strong>498.</strong></span> <span class='ocrx_word' id='word_1_192' title='bbox 841 3757 1015 3839; x_wconf 84' lang='lat' dir='ltr'><strong>exscripsit.</strong></span> <span class='ocrx_word' id='word_1_193' title='bbox 1059 3759 1165 3840; x_wconf 89' lang='lat' dir='ltr'><strong>ltaque</strong></span> <span class='ocrx_word' id='word_1_194' title='bbox 1187 3776 1260 3840; x_wconf 89' lang='lat' dir='ltr'><strong>ope-</strong></span> 
     </span>
     <span class='ocr_line' id='line_1_27' title="bbox 163 3863 1259 3946; baseline 0.009 -23"><span class='ocrx_word' id='word_1_195' title='bbox 163 3879 218 3924; x_wconf 88' lang='lat' dir='ltr'><strong>rae</strong></span> <span class='ocrx_word' id='word_1_196' title='bbox 239 3863 369 3943; x_wconf 89' lang='lat' dir='ltr'><strong>pretium</strong></span> <span class='ocrx_word' id='word_1_197' title='bbox 389 3865 462 3928; x_wconf 90' lang='lat' dir='ltr'><strong>mihi</strong></span> <span class='ocrx_word' id='word_1_198' title='bbox 484 3865 647 3931; x_wconf 82' lang='lat' dir='ltr'><strong>videbatur</strong></span> <span class='ocrx_word' id='word_1_199' title='bbox 668 3865 881 3931; x_wconf 89' lang='lat' dir='ltr'><strong>Aristarchum</strong></span> <span class='ocrx_word' id='word_1_200' title='bbox 905 3871 936 3930; x_wconf 90' lang='lat' dir='ltr'><strong>et</strong></span> <span class='ocrx_word' id='word_1_201' title='bbox 956 3864 1169 3946; x_wconf 84' lang='lat' dir='ltr'><strong>lluphronium</strong></span> <span class='ocrx_word' id='word_1_202' title='bbox 1191 3874 1259 3933; x_wconf 88' lang='lat' dir='ltr'><strong>tau-</strong></span> 
     </span>
     <span class='ocr_line' id='line_1_28' title="bbox 165 3970 1260 4056; baseline 0.007 -24"><span class='ocrx_word' id='word_1_203' title='bbox 165 3989 254 4054; x_wconf 85' lang='lat' dir='ltr'><strong>quam</strong></span> <span class='ocrx_word' id='word_1_204' title='bbox 284 3970 413 4036; x_wconf 90' lang='lat' dir='ltr'><strong>duarum</strong></span> <span class='ocrx_word' id='word_1_205' title='bbox 443 3979 578 4038; x_wconf 89' lang='lat' dir='ltr'><strong>aetatum</strong></span> <span class='ocrx_word' id='word_1_206' title='bbox 601 3975 737 4038; x_wconf 89' lang='lat' dir='ltr'><strong>indolem</strong></span> <span class='ocrx_word' id='word_1_207' title='bbox 762 3981 1030 4056; x_wconf 86' lang='lat' dir='ltr'><strong>repraesentantes</strong></span> <span class='ocrx_word' id='word_1_208' title='bbox 1052 3976 1097 4040; x_wconf 88' lang='lat' dir='ltr'><strong>ita</strong></span> <span class='ocrx_word' id='word_1_209' title='bbox 1123 3976 1260 4040; x_wconf 81' lang='lat' dir='ltr'><strong>interae</strong></span> 
     </span>
     <span class='ocr_line' id='line_1_29' title="bbox 166 4083 1258 4169; baseline 0.008 -28"><span class='ocrx_word' id='word_1_210' title='bbox 166 4097 367 4163; x_wconf 84' lang='lat' dir='ltr'><strong>comparare,</strong></span> <span class='ocrx_word' id='word_1_211' title='bbox 390 4088 424 4145; x_wconf 89' lang='lat' dir='ltr'><strong>ut</strong></span> <span class='ocrx_word' id='word_1_212' title='bbox 452 4089 539 4147; x_wconf 90' lang='lat' dir='ltr'><strong>tanto</strong></span> <span class='ocrx_word' id='word_1_213' title='bbox 561 4086 753 4148; x_wconf 83' lang='lat' dir='ltr'><strong>saeculorum</strong></span> <span class='ocrx_word' id='word_1_214' title='bbox 774 4083 874 4164; x_wconf 91' lang='lat' dir='ltr'><strong>spatio</strong></span> <span class='ocrx_word' id='word_1_215' title='bbox 894 4085 1069 4149; x_wconf 87' lang='lat' dir='ltr'><strong>intermissa</strong></span> <span class='ocrx_word' id='word_1_216' title='bbox 1091 4084 1164 4169; x_wconf 90' lang='lat' dir='ltr'><strong>quid</strong></span> <span class='ocrx_word' id='word_1_217' title='bbox 1184 4104 1258 4167; x_wconf 91' lang='lat' dir='ltr'><strong>pro-</strong></span> 
     </span>
     <span class='ocr_line' id='line_1_30' title="bbox 163 4189 1257 4281; baseline 0.011 -31"><span class='ocrx_word' id='word_1_218' title='bbox 163 4189 272 4253; x_wconf 80' lang='lat' dir='ltr'><strong>fecerit</strong></span> <span class='ocrx_word' id='word_1_219' title='bbox 293 4190 521 4276; x_wconf 89' lang='lat' dir='ltr'><strong>Aristophanea</strong></span> <span class='ocrx_word' id='word_1_220' title='bbox 550 4191 765 4275; x_wconf 88' lang='lat' dir='ltr'><strong>interpretatio</strong></span> <span class='ocrx_word' id='word_1_221' title='bbox 794 4214 856 4259; x_wconf 91' lang='lat' dir='ltr'><strong>nou</strong></span> <span class='ocrx_word' id='word_1_222' title='bbox 887 4195 1008 4281; x_wconf 84' lang='lat' dir='ltr'><strong>quidem</strong></span> <span class='ocrx_word' id='word_1_223' title='bbox 1037 4194 1257 4277; x_wconf 82' lang='lat' dir='ltr'><strong>explicaretur,</strong></span> 
     </span>
     <span class='ocr_line' id='line_1_31' title="bbox 160 4301 1251 4385; baseline 0.007 -24"><span class='ocrx_word' id='word_1_224' title='bbox 160 4301 264 4364; x_wconf 87' lang='lat' dir='ltr'><strong>tamen</strong></span> <span class='ocrx_word' id='word_1_225' title='bbox 289 4302 392 4383; x_wconf 83' lang='lat' dir='ltr'><strong>quoad</strong></span> <span class='ocrx_word' id='word_1_226' title='bbox 421 4303 490 4367; x_wconf 85' lang='lat' dir='ltr'><strong>neri</strong></span> <span class='ocrx_word' id='word_1_227' title='bbox 518 4310 623 4384; x_wconf 90' lang='lat' dir='ltr'><strong>posset</strong></span> <span class='ocrx_word' id='word_1_228' title='bbox 650 4303 755 4385; x_wconf 87' lang='lat' dir='ltr'><strong>paucis</strong></span> <span class='ocrx_word' id='word_1_229' title='bbox 784 4304 975 4371; x_wconf 78' lang='lat' dir='ltr'><strong>ducamentis</strong></span> <span class='ocrx_word' id='word_1_230' title='bbox 1004 4304 1251 4372; x_wconf 79' lang='lat' dir='ltr'><strong>adumbraretur.</strong></span> 
     </span>
    </p>
   </div>
   <div class='ocr_carea' id='block_1_4' title="bbox 0 0 1406 4724">
    <p class='ocr_par' dir='ltr' id='par_1_5' title="bbox 0 0 1406 4724">
     <span class='ocr_line' id='line_1_32' title="bbox 0 0 1406 4724; baseline 0 0"><span class='ocrx_word' id='word_1_231' title='bbox 0 0 1406 4724; x_wconf 95' lang='lat' dir='ltr'><strong> </strong></span> 
     </span>
    </p>
   </div>
  </div>
 </body>
</html>
