2802 4724
587 318 832 398 ...39-

160 511 313 580 ὖνιαυιοῦ
334 515 397 578 τῶν
412 511 594 596 Βατράχων
616 517 681 577 κτλ.
712 513 781 578 libo
804 512 883 577 enlm
897 511 1057 578 Archome
1077 514 1170 580 tertie
1191 515 1261 598 post

160 625 294 690 reditum
318 643 424 690 mense
442 624 554 704 otuu,
579 626 598 688 2
620 625 688 686 init.
711 641 792 687 anno
815 629 885 687 ante
907 624 1009 688 ltanas
1030 625 1138 690 doctas
1160 623 1260 692 Athe·

163 737 212 800 nis
234 737 266 798 in
289 735 426 798 Andrum
449 734 543 799 solvit
561 741 591 797 et
617 735 810 816 paucissimis
838 735 993 798 mensibus
1022 741 1090 816 post
1117 743 1258 817 praetura

159 863 198 910 se
223 843 379 910 abdicavit
406 843 543 908 suffectis
572 844 732 909 inlocum
765 859 871 907 sunum
901 869 923 926 χ
952 843 1162 924 praetoribus3
1194 845 1262 928 ipse

157 959 270 1036 sponte
293 954 324 1015 in
340 951 565 1018 Chersonesum
590 954 672 1018 abiit.
707 955 887 1036 ineptiarum
910 954 1063 1036 fastigium
1085 960 1192 1018 nactus
1212 961 1260 1019 est

160 1065 239 1130 ullus
254 1063 364 1168 ⁵⁰h⁰.¹'’
378 1063 553 1128 incredibili
568 1064 689 1128 inscitia
707 1064 807 1128 omnia
824 1064 1026 1143 conturbans,
1048 1064 1261 1130 Alcibiadem-

159 1191 220 1256 que
242 1179 384 1254 praetura
411 1173 584 1238 abdicatum
606 1173 760 1238 Antiocho
788 1173 995 1258 gubernatore
1016 1172 1139 1238 devicte
1161 1175 1261 1240 Laoc-

157 1283 342 1347 daemonem
366 1281 480 1348 abiisse
508 1283 687 1363 somnians,
719 1290 752 1346 ut
773 1281 1035 1348 Lacedaemonios
1057 1284 1096 1347 dd
1120 1285 1261 1350 munien-

158 1395 230 1460 dam
252 1393 417 1458 Deceleam
439 1393 649 1458 instimularet.
693 1395 798 1475 ltaque
829 1393 908 1457 socii
933 1394 1050 1458 erroris
1075 1394 1258 1459 Aristarcho

159 1505 285 1570 minime
306 1505 444 1568 deerant.

261 1615 366 1695 Neque
377 1609 567 1695 probabilior
579 1612 749 1676 Aristarchi
768 1612 979 1696 dengarhone
998 1613 1149 1678 sententia
1167 1631 1258 1697 quam

161 1724 286 1808 protulit
305 1723 344 1788 ad
359 1722 478 1788 Thesm.
491 1724 585 1787 v.3l:
605 1718 819 1804 explicandum
840 1727 918 1788 teste
940 1721 1107 1788 scholiasta
1132 1720 1161 1787 ci
1183 1722 1258 1808 napi

158 1831 376 1916 Ἀρίσταρχον
404 1831 459 1896 καί
485 1828 631 1912 Δι’δυμόν
661 1855 761 1916 φασιν
789 1827 871 1897 εἶναι
904 1835 1049 1896 τοιοῦτον
1072 1829 1258 1916 Ἀγάθωνα.

156 1943 270 2024 tuque
291 1942 488 2006 Aristarchus
517 1948 547 2004 et
568 1942 714 2024 Didymus
736 1941 816 2005 hanc
837 1941 1054 2024 Aristophanei
1075 1943 1138 2005 loci
1160 1943 1259 2006 inter-

163 2053 365 2135 pretationem
388 2052 580 2116 tradiderunt
606 2051 783 2133 discipulis,
810 2058 843 2114 ut
863 2050 987 2134 Agatho
1009 2051 1099 2134 niger
1119 2054 1263 2116 robustus

155 2163 308 2226 barbatus
323 2178 433 2225 revera
449 2162 544 2226 inisse
566 2162 755 2225 crederetur.
786 2161 845 2226 Sed
861 2166 951 2225 acute
974 2177 1029 2225 eos
1050 2161 1164 2225 reiellit
1184 2162 1261 2226 alius

160 2273 358 2338 doctissimus
381 2271 608 2356 grammaticus,
625 2271 824 2354 Symmachus
840 2277 873 2334 ut
894 2271 1013 2353 opinor,
1034 2289 1071 2336 eo
1095 2272 1176 2352 quod
1198 2285 1261 2334 non

163 2383 257 2446 therit
276 2382 364 2462 talis,
389 2382 508 2464 qualem
531 2381 687 2445 describat
708 2398 775 2446 eum
796 2381 1008 2464 perstringens
1026 2381 1261 2463 Aristophanes.

164 2491 303 2556 Alterum
329 2492 480 2573 quendam
501 2490 694 2573 Agathonem
725 2492 836 2556 fortem
862 2491 960 2554 virum
987 2491 1147 2555 herbatum
1172 2491 1263 2575 nigro

159 2601 254 2666 ctiam
276 2601 384 2664 colore
405 2601 559 2683 insignem
587 2619 658 2663 num
681 2617 813 2683 unquam
835 2602 988 2665 exstiterit
1011 2601 1116 2666 sobrie
1149 2599 1266 2665 dubitat

164 2710 351 2776 Fritzscbius
374 2711 394 2773 l.
418 2710 437 2773 l.
459 2729 489 2792 p.
505 2711 552 2796 13.

265 2823 332 2886 lloc
350 2819 599 2886 observationum
616 2839 743 2905 genere,
759 2821 846 2886 ouius
865 2836 944 2904 quae
966 2828 1053 2886 certo
1068 2821 1106 2886 ad
1120 2821 1260 2886 Aristar-

161 2932 253 2997 chum
268 2932 380 2996 reicrri
395 2933 514 3013 possint
527 2933 612 3014 plura
630 2932 767 3015 exempla
789 2950 852 2996 non
865 2932 996 3014 repperi,
1012 2931 1152 2996 absoluto
1171 2931 1209 2996 ad
1223 2951 1260 2996 ea

162 3061 245 3106 nunc
267 3050 478 3121 transeamus,
502 3043 536 3108 in
562 3043 670 3124 quibus
693 3059 800 3106 versus
823 3043 1010 3126 tragicorum
1034 3061 1052 3106 a
1075 3041 1194 3106 comico
1212 3045 1264 3107 vel

163 3152 332 3235 castigatos
352 3151 402 3214 vel
422 3151 460 3215 ad
481 3151 642 3214 ridiculum
667 3152 804 3215 detortos
824 3152 902 3214 scite
924 3151 1090 3236 indagasse
1111 3151 1262 3236 intelligi-

160 3267 221 3343 tur,
245 3279 334 3344 quam
350 3279 475 3343 operam
496 3280 569 3343 prae
590 3263 702 3326 ceteris
720 3262 751 3324 in
773 3281 808 3326 se
829 3261 1041 3325 collocandam
1057 3261 1205 3346 flagitavit
1225 3283 1261 3327 ea

158 3371 312 3438 lianarum
330 3388 412 3452 pars,
437 3372 468 3433 in
491 3369 599 3452 quibus
613 3371 784 3454 Aeschylus
809 3377 840 3433 et
860 3370 1022 3452 Euripides
1043 3373 1164 3453 poetico
1187 3387 1260 3434 cer-

160 3479 273 3545 tamine
302 3481 439 3544 instituto
467 3481 607 3544 versibus
637 3501 676 3544 ex
702 3479 859 3561 utriusque
887 3477 1058 3563 tragoediis
1091 3480 1257 3561 depromtis

160 3590 298 3653 vicissim
331 3608 402 3654 scse
433 3589 588 3654 lacessunt
620 3597 650 3654 et
682 3589 722 3653 de
755 3590 926 3671 principatu
954 3587 1150 3653 contendunt.
1196 3591 1262 3654 lluc

159 3697 293 3780 pertinet
304 3697 487 3762 schohvetl.
498 3701 573 3763 Ram
587 3698 684 3762 1206:
698 3691 876 3779 ''Asperuroc
894 3695 936 3772 ὥς
950 3696 966 3758 ti
982 3703 1125 3773 πλεῖστος
1139 3697 1262 3783 ἔσπαρ-

158 3831 210 3872 rar
228 3805 336 3890 lo'yoq:
357 3801 543 3888 Ἀρχελάου
559 3801 641 3890 αὕτη
659 3804 744 3870 r'crr'r
766 3800 897 3892 ἡάρχὴ,
919 3799 961 3880 cic
976 3808 1116 3888 ψευδῶς.
1139 3803 1178 3869 od
1197 3804 1259 3890 γὰρ

160 3920 292 4002 φέρεται
317 3917 375 3979 νῦν
401 3916 573 4000 Esipcuc'dov
606 3914 695 3998 λόγος
723 3914 828 3990 οὐδεὶς
854 3919 1007 3988 τοιοῦτος.
1034 3915 1072 3978 od
1095 3915 1155 4000 γάρ
1184 3919 1262 3994 ἐστι,

160 4029 258 4110 φησίν
278 4023 515 4110 Ἀρίσταρχος,
543 4029 601 4089 τοῦ
621 4023 823 4107 Ἀρχελάου,
846 4026 876 4089 εἰ
895 4021 940 4106 μὴ
967 4017 1063 4098 acircio
1084 4027 1257 4108 μετέθηκεν

159 4129 333 4216 &propono
357 4135 391 4200 di
411 4129 651 4219 Ἀριστοφάνης
673 4132 706 4198 τό
731 4138 763 4212 ἐξ
785 4131 888 4218 ἀρχῆς
904 4133 1045 4214 κείμενον
1064 4125 1141 4198 εἶπε.
1164 4133 1259 4198 Num-

161 4257 220 4330 que
244 4263 272 4311 v.
300 4246 380 4313 tubo
401 4263 439 4310 ex
461 4245 615 4330 Euripldci
638 4245 783 4313 Archelai
806 4245 937 4330 prologo
959 4245 1084 4330 petitum
1109 4261 1201 4327 csse,
1224 4241 1256 4312 iu
