2802 4724
570 329 817 422 ης...

140 535 296 608 stantibusw
322 549 390 601 eum
419 533 591 614 disputasse
618 530 767 595 credibile
781 535 850 594 cst.
881 511 970 606 (vide
998 507 1088 592 loe'ce
1117 511 1244 594 etrele

141 651 259 716 nealrio
284 647 393 711 citatos
415 643 486 706 Atli.
506 641 558 704 vll
579 660 608 723 p.
624 639 717 705 9781)
740 639 781 704 xl
802 657 831 720 p.
845 636 942 702 4851)
965 655 993 718 p.
1007 639 1067 703 501
1089 639 1124 716 d)
1141 639 1240 704 Pecu-

139 762 253 824 liarem
287 756 326 820 ad
360 752 601 838 Aristophaneas
632 750 751 814 tabulas
784 746 1033 812 commentarium
1068 764 1132 811 non
1161 765 1242 812 con-

145 867 312 948 scripsisse
333 843 454 926 videtur
467 867 504 939 ¹).
542 861 757 922 Verumtamen
783 857 879 938 ipsum
894 855 1130 937 Aristophanem
1151 856 1243 920 multa

146 977 240 1045 docte
268 979 299 1037 et
321 970 465 1036 sollerter
494 967 669 1050 excogitata
698 964 934 1049 diligentissimo
962 965 1160 1047 grammatico
1183 964 1244 1027 dea

145 1077 235 1163 bere,
256 1078 428 1146 accuratius
450 1077 695 1159 perspiceremus
717 1075 777 1138 nisi
799 1093 856 1138 eae
877 1073 1067 1155 potissimum
1089 1073 1243 1154 interpre-

146 1195 278 1256 tationes
299 1195 440 1254 servatae
463 1192 577 1267 essent,
599 1187 631 1248 in
653 1185 762 1267 quibus
782 1201 885 1247 acrem
909 1188 939 1246 et
959 1200 1101 1247 severum
1123 1200 1244 1266 oppug-

146 1304 286 1366 natorem
314 1304 422 1362 nactus
452 1302 499 1360 est
519 1294 752 1359 Eratosthenem
774 1299 820 1372 ²),
852 1292 933 1374 quod
956 1292 1037 1356 idern
1063 1288 1243 1356 lucretiae

146 1408 374 1492 interpretando
400 1407 429 1471 ei
455 1405 608 1469 accidisse
636 1403 807 1468 luculenter
822 1407 961 1466 testatur
981 1400 1069 1466 loeus
1090 1385 1242 1467 Athenaei

146 1519 190 1584 XI
213 1537 241 1601 p.
261 1517 357 1582 sold
380 1514 457 1597 apud
478 1513 628 1579 llleineck.
650 1512 670 1575 l.
686 1513 713 1575 ·l.
754 1512 851 1576 Causa
880 1529 973 1592 saepe
997 1529 1064 1576 eum
1086 1509 1241 1574 excidisse

145 1634 254 1693 eontra
277 1624 510 1689 Eratosthenem
535 1621 737 1687 confitendum
768 1639 842 1684 sane
867 1627 922 1684 est.
966 1621 1146 1685 Sed-nimis
1167 1637 1240 1682 acre

147 1734 359 1820 Lycophronis
378 1733 561 1814 vituperium
581 1739 615 1795 ut
634 1731 831 1794 cohibeamus
852 1747 890 1794 eo
912 1729 1052 1810 allicitur,
1074 1730 1156 1812 quod
1176 1749 1246 1794 orn-

149 1847 220 1910 nem
252 1846 318 1908 eius
349 1841 632 1924 interpretationum
664 1840 802 1903 notitiam
835 1857 891 1920 per
911 1840 1143 1905 Eratosthenem
1176 1847 1244 1902 cunt

150 1953 370 2038 posterioribus
395 1949 582 2031 temporibus
612 1949 863 2012 communicatam
885 1966 955 2013 esse
980 1949 1121 2030 probavit
1147 1947 1246 2014 Bern-

150 2065 238 2128 hard.
262 2062 412 2126 Eratosth.
434 2079 463 2142 p.
481 2061 542 2124 217
561 2063 599 2136 3).
643 2059 739 2134 Quem
760 2059 854 2140 igitur
875 2059 1024 2122 credibile
1049 2065 1096 2122 est
1118 2077 1154 2122 ea
1177 2075 1247 2123 me-

150 2173 233 2238 xime
253 2171 420 2234 memoriae
447 2168 640 2250 prodidisse,
667 2169 697 2230 in
720 2167 829 2248 quibus
852 2167 1094 2231 dissentiendum
1118 2167 1177 2230 sibi
1196 2169 1247 2231 vi-

84 2293 90 2304 ‘
150 2281 244 2346 debat
257 2298 335 2344 esse.
355 2280 556 2359 ¹Quapropter
575 2277 733 2356 fervidius,
747 2283 780 2338 ut
799 2276 913 2341 assolet
922 2277 1120 2340 Eritzschium
1141 2277 1247 2360 egisse

154 2395 248 2470 puto,
273 2403 362 2468 quum
390 2387 536 2450 obscurae
560 2385 741 2450 eruditionis
765 2403 886 2450 osorem
914 2392 944 2450 et
970 2385 1050 2468 talpa
1072 2386 1246 2450 caeciorem

158 2503 226 2559 'eum
262 2496 397 2558 nominat
421 2496 531 2578 quippe
562 2512 579 2558 a
611 2513 671 2577 quo
700 2495 849 2576 scriptura
879 2497 936 2569 τᾶς
971 2492 1130 2571 πλωιάδας
1158 2514 1248 2579 quant

155 2604 352 2668 vehementer
374 2603 526 2686 improbat
554 2604 692 2684 protecta
715 2603 763 2667 sit.
808 2604 873 2679 Qua
904 2604 1107 2685 contumelia,
1131 2613 1165 2670 ut
1185 2609 1248 2690 Ly·

156 2714 361 2795 cophronem,
386 2714 413 2777 si
434 2715 501 2776 lieri
522 2719 624 2794 potest
642 2713 835 2777 absolvamus
855 2715 946 2794 Vesp.
962 2714 1000 2778 91
1027 2721 1058 2778 et
1073 2715 1132 2780 103
1153 2716 1249 2779 scho-

154 2823 204 2886 liis
227 2839 474 2901 commovemur,
502 2821 534 2884 in
563 2823 671 2904 quibus
704 2823 773 2904 quin
798 2840 873 2886 sana
895 2829 926 2886 et
950 2823 1120 2904 probabilia
1140 2831 1249 2907 protu-

152 2933 227 2996 lisse
254 2932 416 3011 videatur,
451 2950 490 2996 ne
520 2931 748 2995 morosissimus
778 2929 900 3012 pridem
935 2930 1027 2996 iudex
1060 2931 1245 2998 initiabitur.

152 3033 296 3122 Sequitur
325 3059 454 3124 magnus
482 3041 692 3124 Lycophronis
722 3041 753 3102 in
781 3039 987 3122 Aristophane
1018 3044 1246 3124 interpretando

153 3151 350 3215 adversarius
371 3148 607 3229 Eratosthenes,
631 3151 715 3213 cuius
739 3166 817 3231 quae
836 3151 868 3212 in
887 3150 1013 3214 scholiis
1037 3151 1136 3216 adhue
1159 3171 1248 3218 conr-

153 3265 261 3342 parent
296 3259 529 3323 observationes
562 3279 601 3323 ex
631 3258 716 3322 libris
739 3259 794 3322 Xll
819 3261 892 3342 περὶ
921 3258 1089 3347 κωμῳδιάς
1118 3261 1245 3329 fluxisse

154 3369 375 3433 demonstravit
395 3369 565 3450 Bernhard.
582 3369 601 3431 l.
620 3369 640 3432 l.
665 3387 693 3450 p.
710 3370 840 3450 tdsssq,
864 3387 882 3432 e
905 3368 1013 3450 quibus
1035 3371 1066 3434 in
1089 3373 1247 3438 meliorem

153 3478 368 3559 Aristophanis
395 3477 580 3543 intellectum
603 3470 691 3561 quarn
714 3479 842 3562 egregia
868 3478 1070 3544 emolumenta
1091 3481 1249 3546 redunda-

164 3665 222 3678 aa...
229 3667 371 3678 ———--n-—-··
389 3668 478 3679 uun—n..-

254 3769 281 3835 1)
302 3765 448 3824 llemsterh.
467 3767 499 3819 ad
519 3768 557 3821 ΡΙ.
577 3783 602 3836 p.
619 3767 681 3822 470.

253 3862 284 3933 9)
304 3861 401 3916 Scholl.
424 3863 500 3931 vesp.
521 3864 580 3918 704.
597 3863 656 3917 Pae.
677 3863 736 3916 199.
756 3864 808 3918 too
826 3864 927 3917 Thasm.
949 3863 1009 3918 507.
1030 3863 1068 3916 ΡΙ.
1090 3863 1165 3919 1194.
1193 3865 1247 3919 lle·

154 3959 228 4026 sych.
247 3957 271 4010 ll
288 3973 314 4025 p.
329 3957 397 4011 rot:
423 3940 702 4032 κατειλυσπωμένην
729 3957 744 4011 ri
770 3960 825 4033 pala
842 3961 1007 4034 Λυκόφρων
1031 3964 1246 4034 sarapropter»

155 4057 357 4128 Ἐρατοσθένης
376 4053 404 4110 dt
423 4059 594 4128 συγκεῖσθαι
612 4055 661 4123 τὴν
680 4058 753 4119 λέξιν
771 4057 802 4111 ἐκ
820 4060 871 4110 rori
891 4060 973 4114 εἱλεῖν
994 4063 1197 4114 antenorem.

254 4152 285 4222 3)
304 4151 370 4206 Euio
399 4152 545 4208 sententiaa
573 4152 664 4208 tarent
688 4151 771 4207 schol.
791 4151 828 4211 rt.
851 4152 919 4208 1194
944 4169 1013 4228 resp.
1038 4154 1108 4224 939,
1138 4155 1248 4214 ramim·

155 4247 216 4315 t'ao.
236 4247 295 4308 199.
