2802 4724
523 282 812 358 ...οι-

143 474 246 555 liceat,
268 472 370 556 impie
391 473 454 542 boc
477 474 583 542 dicere
597 473 845 558 Aristophanem,
861 475 989 540 Demum
1009 470 1249 538 oscitabundum

147 584 286 652 assidere
310 583 394 648 senis
417 584 514 648 instar
536 584 681 650 imbecilli
703 585 779 650 ticos
803 583 975 668 alligamus,
998 584 1036 648 ad
1061 583 1141 666 quod
1166 601 1260 664 pro-⁸

145 693 278 758 bandum
304 694 378 760 nihil
408 694 489 765 valet
516 711 605 774 quem
637 693 726 760 alleri
742 693 893 760 Eustathii
923 692 1010 758 locus
1038 709 1143 773 opusc.
1167 691 1256 774 991,-

145 803 202 866 54:
223 804 279 866 καί
299 804 344 878 εἰς
360 802 509 866 τοσοῦτοι
523 801 769 884 χασμησοὶμειος
791 799 928 885 ἐκάθητο
948 803 1005 866 τοῦ
1027 800 1136 864 λοιιιοῧ
1155 804 1248 884 χαῦ-

146 934 212 992 ιος,
237 911 329 976 εἰκών
353 913 485 991 ζῶντος,
515 913 692 992 σ’μιιοδιζων
714 905 780 978 οἷον
807 909 946 995 ἰσχάδας
967 909 1023 977 καί
1044 908 1140 986 ahie
1162 910 1241 976 κατιὶ

146 1018 200 1086 τὸν
222 1019 377 1102 torpentis,
398 1026 427 1082 al
450 1021 609 1086 confirmat
630 1021 660 1086 id
684 1022 766 1104 quod
788 1022 848 1086 iam
871 1041 910 1088 ex
931 1020 1020 1084 verbi
1041 1020 1166 1102 χαίιειν
1187 1036 1249 1086 usu

145 1128 337 1194 menifestum
361 1134 427 1208 est,
454 1129 607 1213 insignem
630 1136 786 1212 stuporem
815 1136 844 1194 et
867 1128 1059 1193 oscitantiam
1085 1128 1145 1192 hoc
1172 1128 1245 1193 loco

137 1235 302 1322 ”describi3
331 1235 417 1300 cuius
439 1241 541 1299 tamen
562 1236 653 1300 valde
677 1237 779 1317 inepta
810 1235 883 1298 mihi
907 1236 1028 1300 videtur
1051 1257 1069 1300 a
1090 1255 1165 1302 sene
1187 1237 1253 1302 de-‚

146 1351 262 1426 sumpte
284 1344 360 1410 ficos
381 1344 525 1427 alligante
544 1344 656 1426 imago.
680 1347 721 1408 At
740 1362 780 1408 ne
802 1345 868 1425 ipse
890 1344 1011 1425 quidem
1033 1345 1144 1427 habeo,
1163 1349 1246 1428 quod

149 1451 276 1518 efferam
293 1452 332 1516 ad
354 1453 455 1518 locum
473 1453 701 1518 venalissimum
723 1453 958 1535 personandum,
974 1455 1085 1534 nequci
1107 1455 1245 1520 nutilium

149 1563 394 1629 coniecturarum
424 1568 456 1626 et
482 1564 676 1646 antiquarum
701 1570 731 1628 et
756 1562 962 1628 recentiorum
987 1561 1174 1646 farraginem
1195 1569 1245 1628 te-

149 1691 234 1738 mere
257 1671 429 1756 augendam
453 1690 523 1738 esse
546 1691 670 1740 censeo.

251 1783 356 1863 Neque
387 1782 508 1846 felicius
539 1789 693 1847 versatum
725 1801 795 1848 esse
821 1783 1033 1848 Aristarchum
1065 1782 1095 1844 in
1116 1781 1191 1846 han.
1215 1801 1245 1843 v.

151 1890 211 1956 134
232 1889 461 1972 interpretando
475 1891 594 1954 haecce
613 1891 724 1956 scholii
744 1892 869 1956 verbaa
885 1894 960 1956 llav.
976 1891 1155 1972 Venetoque
1175 1907 1248 1954 ser-

144 2006 214 2066 vata
230 1998 402 2064 declarant:
422 1990 643 2082 Ἀρίσταρχος,
664 1996 744 2082 πρὸς
768 1994 802 2063 τό
820 2000 939 2083 σχῆμα,
962 2001 1052 2086 φησί,
1075 2000 1131 2062 τοῦ
1152 2003 1246 2082 e’pote-

149 2107 263 2195 φιὶλου.
289 2105 438 2190 ἔστιγὰρ
466 2101 572 2192 &onega
601 2108 658 2171 δύο
681 2111 761 2192 θρῖα
788 2111 985 2190 συγκειμέια.
1005 2113 1085 2192 θρῖα
1108 2111 1143 2174 δὲ
1165 2114 1245 2190 κτλ,

147 2219 178 2280 ἱο
204 2217 334 2282 eandem
366 2218 546 2282 sententiam
579 2218 730 2309 disputata
760 2224 850 2296 sunt,
881 2219 1012 2300 quaein
1035 2219 1103 2282 solo
1128 2217 1252 2298 Veneto¹

146 2328 349 2408 praecedunt:
388 2327 456 2390 Καὶ
480 2324 542 2408 γὰρ
569 2322 585 2387 ὅ
608 2327 781 2410 ἐγκέφαλος
809 2330 872 2392 τῶν
897 2326 1077 2412 ἀνθρώπων
1100 2324 1166 2409 ἔχει
1189 2327 1246 2414 ὑφ’

147 2429 260 2498 ἑαυτὸν
282 2432 400 2514 ὑμένας
421 2430 564 2509 ἐοικότας
587 2442 649 2519 τοῖς
670 2435 725 2515 τῆς
746 2437 844 2517 συκῆς
866 2433 1009 2519 φύλλοις.
1045 2438 1149 2517 ltaque
1171 2435 1248 2500 Ari-

147 2542 303 2625 stophanis
326 2542 437 2616 verbo:
458 2539 528 2602 ,ἀλλ’
553 2533 739 2621 ἀπολέσαιμ’
762 2534 801 2605 ἂν
824 2542 1000 2628 ἐγκεφάλου
1023 2541 1107 2626 θρίω
1130 2540 1188 2606 ‹ta'o
1207 2543 1247 2609 od
1381 2623 1382 2640 ρ

149 2655 279 2717 formam
308 2656 467 2716 externam
503 2650 625 2714 cerebri
653 2651 820 2720 referenda
852 2669 922 2715 esse
943 2651 1124 2716 Aristarcho
1155 2652 1258 2736 uide-A
1381 2647 1382 2702 l

150 2763 271 2826 bantur.
317 2759 371 2822 cni
399 2758 572 2823 Aristarchi
603 2758 740 2839 opinioni
768 2764 885 2826 temere
916 2761 1035 2848 assensi
1061 2766 1131 2824 sunt
1153 2761 1247 2824 Henr.

149 2869 251 2952 Steph.
274 2868 353 2931 thes.
376 2867 451 2950 ling.
475 2885 522 2950 gr.
547 2885 576 2948 p.
598 2865 681 2930 4234
701 2867 862 2930 Frischlin.
887 2867 1034 2932 llusterus
1063 2869 1250 2950 BrunckiuS,

147 2985 262 3044 rectam
282 2977 446 3040 verborum
466 2974 721 3058 significationem
742 2982 963 3056 perspexerunt
983 2977 1027 3041 lo.
1048 2979 1083 3042 H.
1105 2979 1244 3059 Vossius,

147 3086 350 3168 wolckerus,
371 3085 561 3168 Droysenius
581 3085 662 3148 haud
685 3085 807 3170 inficetc
827 3087 992 3150 vernacule
1013 3088 1248 3169 interpretatura

147 3195 338 3262 Hirnlrltisse.
384 3194 523 3258 Omnium
553 3199 651 3257 autem
681 3195 857 3258 acutissime
884 3196 1069 3278 novissimus
1095 3199 1254 3262 honarum·

151 3307 300 3386 interpres
314 3307 342 3381 ¹)
366 3304 525 3384 exposuit,
550 3303 722 3380 Aristarchi
749 3305 924 3386 opinionem
948 3311 977 3368 ct
999 3312 1104 3386 aperto
1128 3308 1167 3372 de
1190 3327 1252 3390 σο-λ

148 3414 233 3480 rebri
257 3413 354 3477 forma
371 3429 477 3476 errore
501 3417 531 3474 ct
554 3411 739 3476 intolerabili
761 3415 792 3476 in
807 3421 916 3496 poetae
931 3414 1111 3478 facetissimi
1133 3416 1248 3482 ieiuni-

150 3530 212 3608 tate
233 3521 340 3604 premi,
358 3522 466 3602 quippe
486 3522 536 3602 qui
559 3538 621 3584 non
641 3523 779 3586 medicus
803 3524 931 3586 medicis
949 3524 1111 3589 obscuram
1129 3526 1248 3592 doctri·

151 3650 221 3696 nam
249 3637 465 3712 expromeret,
497 3631 552 3695 sed
586 3631 647 3693 cibi
680 3633 801 3714 egregii
828 3632 984 3698 mentione
1014 3635 1247 3700 Atheniensium

150 3741 268 3804 animos
291 3740 473 3818 delectaret3
497 3741 552 3803 sed
576 3745 676 3804 tamen
696 3742 744 3804 vir
766 3742 961 3806 doctissimus
983 3744 1055 3808 inde
1075 3765 1092 3808 a
1112 3764 1183 3828 pag.
1195 3747 1246 3810 86.

148 3851 196 3914 rei
219 3849 386 3912 culinariae
406 3851 549 3931 mysteria
576 3851 655 3914 iusto
678 3852 823 3915 audacius
854 3853 1034 3933 profanasse
1056 3856 1247 3920 accusandus

151 3965 215 4036 est3
248 3957 328 4021 idem
348 3964 473 4039 propter
493 3978 528 4023 ea
553 3978 631 4041 quae
653 3967 820 4042 sequuntur
848 3962 907 4026 iam
931 3962 1009 4028 alios
1030 3963 1248 4046 grammaticos

151 4066 360 4132 Aristarchum
386 4067 537 4132 refellisse
562 4070 688 4132 monuit.

150 4159 408 4173 o————·----⁴·-=

212 4211 222 4231 ·’
253 4197 279 4272 l)
297 4191 427 4255 brittam.
448 4195 480 4248 ed
494 4209 548 4250 ron.
568 4210 594 4264 p.
609 4194 644 4250 90
656 4211 696 4266 sq.
723 4207 726 4214 ·
