2802 4724
604 327 845 408 ...37-

175 523 305 587 conatur
321 535 383 583 non
401 517 602 583 confidentius
618 517 878 602 progrediendum
897 537 967 584 esse
979 517 1069 601 raris,
1087 535 1165 602 quae
1179 535 1273 584 caeca

174 631 324 714 quaedam
360 630 481 694 fortuna
515 629 650 693 servavit
683 629 821 712 vestigiis
848 647 1029 712 semperque
1061 628 1272 711 reputandum,

176 759 264 824 quam
296 741 408 806 misere
437 739 591 804 laceratae
623 738 799 804 decurtatae
826 746 987 821 corruptae
1020 758 1170 822 quamque
1190 737 1275 803 lutu-

174 849 266 916 lentis
287 849 474 914 scholiorum
493 848 600 912 rivulis
622 847 661 912 ad
683 866 741 912 nos
759 849 1006 932 permanaverint
1025 847 1273 914 doctissimorum

176 960 445 1047 grammaticomm
469 959 714 1024 observationes.

275 1071 337 1134 lam
359 1069 440 1152 quod
466 1069 594 1150 primurn
617 1089 656 1133 ex
684 1069 744 1132 boc
773 1087 890 1152 genere
921 1069 1152 1134 consideramus
1174 1070 1273 1136 schol.

174 1181 250 1246 lien.
268 1181 342 1245 Ran.
355 1177 427 1259 320,
451 1179 582 1243 sirecte
603 1179 817 1260 interpretatus
840 1185 886 1243 est
898 1177 1084 1244 Fritzsohius
1098 1179 1118 1242 l.
1133 1179 1152 1243 l.
1170 1198 1198 1261 p.
1213 1181 1273 1246 182

175 1309 310 1356 summae
332 1289 512 1354 oscitantiae
536 1289 730 1378 opprobrium
745 1289 941 1354 Aristarchus
963 1287 1102 1372 elingere
1118 1308 1181 1354 non
1202 1297 1273 1373 pot-

177 1407 247 1481 est,
270 1400 379 1482 quippe
399 1400 450 1482 qui
470 1401 640 1464 somniatus
667 1401 706 1463 sit
725 1400 799 1481 ipsis
824 1399 1039 1482 Aristophanis
1061 1401 1154 1466 Raois
1174 1401 1275 1465 Athe·

175 1513 301 1576 nienses
324 1511 361 1574 ad
384 1509 556 1592 psephisma
586 1509 682 1590 illud,
705 1527 765 1590 quo
786 1510 939 1592 Diagoras
968 1509 1171 1591 expelleretur
1191 1513 1275 1575 sori-

175 1623 308 1688 bendum
331 1621 495 1706 instigatos
519 1639 600 1701 esse,
623 1620 654 1684 id
678 1626 725 1684 est
742 1621 907 1704 Diagoram
924 1621 1046 1685 idolium
1066 1627 1136 1703 post
1158 1621 1204 1687 01.
1219 1623 1273 1702 93,

176 1729 338 1798 3Athenis
360 1731 545 1813 profugisse.
580 1730 668 1805 Quod
691 1727 717 1792 si
737 1747 847 1794 revera
869 1713 1066 1795 Aristarchus
1088 1731 1194 1796 dicere
1213 1750 1276 1796 vo-

174 1839 238 1921 luit,
261 1839 354 1905 multo
375 1841 500 1924 gravius
523 1840 554 1902 in
576 1843 744 1921 temporum
766 1840 887 1902 ratione
909 1841 1049 1922 peccarit
1071 1859 1159 1921 quam
1181 1841 1273 1906 Diod.

173 1953 236 2019 sic.
259 1951 338 2031 Xlll,
360 1951 390 2030 b,
413 1967 501 2032 quem
525 1949 720 2029 fabulantem,
741 1950 906 2032 Diagoram
928 1949 974 2015 01.
991 1951 1042 2030 91,
1068 1951 1086 2013 2
1109 1970 1148 2014 ex
1170 1951 1272 2018 Attica

177 2062 333 2143 expulsum
363 2039 433 2125 esse
462 2057 605 2124 refutavit
626 2059 811 2135 Fritzschius
833 2059 853 2124 l.
878 2059 898 2121 l.
921 2077 950 2140 p.
976 2061 1034 2124 180
1056 2059 1274 2143 Diagoraeque

176 2177 305 2236 aetatem
327 2167 373 2235 01.
391 2170 431 2234 78
454 2169 589 2233 attribuit
609 2167 722 2233 Suidae
744 2187 773 2230 v.
790 2165 953 2250 Διάγορας
974 2175 1004 2231 et
1024 2168 1210 2234 scholiastae
1233 2171 1273 2235 ad

175 2281 207 2344 h.
231 2280 250 2342 l.
284 2275 464 2342 testimoniis
489 2297 572 2342 usus.
617 2278 680 2343 Sed
707 2277 893 2357 videndum,
925 2294 994 2340 num
1018 2278 1128 2342 leviter
1152 2279 1272 2344 scholio

178 2387 341 2454 emendato
371 2387 545 2453 critioomm
574 2387 716 2471 princeps
747 2388 912 2470 turpissimi
944 2387 1060 2452 erroris
1083 2387 1211 2453 crimine
1233 2389 1275 2455 li-

175 2499 281 2564 bcrari
303 2497 408 2580 possit.
437 2501 497 2566 Fac
514 2500 594 2564 enim
614 2499 715 2581 paullo
730 2500 886 2566 inversum
901 2499 1066 2563 verborum
1078 2496 1218 2565 ordinem
1230 2501 1277 2566 sic

173 2607 392 2674 restituendum
412 2627 482 2672 esse
499 2607 669 2672 radten:
689 2603 973 2692 ‘draepAroyo‘pogt
990 2607 1152 2691 Διαγόρας
1171 2612 1276 2690 μελοῖν

174 2714 303 2801 ποιητής
320 2709 427 2797 ἄθεος,
446 2712 480 2790 ὅς
502 2717 557 2781 καί
573 2715 665 2782 καινά
685 2717 833 2798 δαιμόνια
857 2715 1009 2801 εἰσηγεῖτο
1024 2713 1130 2802 οἵσπερ
1147 2717 1276 2803 Σωκρᾰ·

174 2852 245 2913 της,
271 2822 345 2892 ὅθεν
368 2825 423 2891 καί
451 2823 480 2890 ot
503 2825 677 2912 Ἀθηναῖοι
708 2822 750 2900 ὥς
779 2822 1043 2909 διαχλευάζοντος
1072 2824 1147 2904 τούς
1177 2824 1274 2906 θεοὺς

176 2933 475 3023 καταψηφισάμενοι
506 2933 700 3022 α’νεκὴρυξαυ
729 2937 773 3024 τῷ
793 2937 853 3016 μὲν
881 2934 1084 3020 α’ναιρήσοντι
1116 2937 1270 3020 ἀργυρίου

174 3041 339 3127 τάλαντον,
364 3046 406 3134 τῷ
427 3047 463 3108 δὲ
486 3047 589 3124 ζῶντα
612 3048 778 3128 κομίσαντι
799 3042 868 3127 dria,
892 3041 1020 3110 ἔπειθον
1043 3083 1082 3095 -
1104 3044 1275 3132 ψηφισμά.

176 3173 247 3221 τιον,
270 3155 325 3219 καί
345 3151 360 3218 ὁ
380 3159 439 3236 μὲν
458 3154 668 3241 Ἀρίσταρχος
687 3154 846 3241 Διαγόρου
869 3156 925 3220 νῦν
942 3159 1154 3238 preponatur
1178 3155 1276 3241 popolo

176 3267 235 3347 οὐχ
258 3263 299 3338 ὥς
320 3257 450 3352 ᾄδοντος
472 3268 575 3329 aaroni
596 3263 668 3340 τούς
693 3262 796 3344 θεοὺς,
820 3263 889 3328 dtt’
909 3265 942 3328 ἐν
965 3267 1110 3352 εἰροονείρι
1128 3269 1274 3344 κειμένου

177 3379 234 3438 τοῦ
256 3371 349 3459 λόγου
372 3377 445 3441 olori
466 3377 526 3439 rori
545 3374 758 3459 χλευάζοντος
787 3376 1026 3459 ἐξορχουμένου.
1052 3375 1199 3438 α’νακινεῖ
1218 3367 1276 3452 οὖν

175 3480 248 3557 τοὺς
273 3483 496 3569 Αθηναιόυςὸ
522 3480 666 3568 κωμικός.
716 3487 780 3562 Qua
811 3485 1049 3567 transpositione
1080 3490 1206 3565 accepta
1236 3483 1275 3548 dc

176 3593 214 3656 iis
236 3592 311 3656 solis
336 3594 446 3659 scholii
467 3596 591 3673 verbis,
621 3613 700 3677 quae
722 3600 860 3674 extremo
888 3593 958 3657 loco
986 3593 1165 3676 scripsimus
1190 3600 1275 3658 recte

177 3701 368 3785 explicandis
393 3705 511 3788 agitur,
536 3723 614 3786 quae
636 3711 669 3767 ut
695 3705 735 3768 ita
760 3703 1015 3785 interpretemur,
1038 3702 1081 3764 uti
1104 3701 1275 3766 Fritzsohio

176 3813 358 3893 videbatur,
381 3811 463 3876 nulla
493 3814 633 3897 cogimur
662 3813 847 3876 necessitate
869 3812 973 3876 verbis
997 3803 1073 3873 ὅθεν
1096 3808 1150 3873 καί
1169 3809 1277 3895 Ἀθη-

176 3928 260 3984 ναῖοι
286 3925 368 3999 κτα,
390 3939 468 4002 quae
491 3923 620 3987 maxime
643 3922 725 3986 illum
757 3939 881 3986 sensum
904 3919 1153 3983 commendarent
1173 3926 1276 3983 trans·-

175 4031 295 4112 positis.
329 4031 429 4112 Atque
453 4050 542 4113 quum
565 4033 750 4096 observasse
772 4031 969 4113 perhibeatur
991 4029 1189 4092 Aristarchus
1211 4046 1273 4090 non

177 4141 362 4205 verbotenus
375 4140 448 4205 illud
465 4141 504 4204 de
514 4141 648 4225 Diagora
662 4142 774 4205 dictum
790 4139 1001 4222 accipiendum
1017 4157 1087 4204 esse
1095 4134 1274 4220 (Διαγόρου

176 4252 232 4314 vair
247 4249 456 4338 μνημονεύειν
477 4253 558 4338 φησι
579 4252 640 4334 orig
662 4248 703 4326 ὥς
718 4243 848 4341 ᾅδοντος
874 4250 974 4314 adrat
995 4245 1067 4328 τούς
1087 4243 1201 4328 θεοὺς)
1219 4245 1275 4318 sed
