2802 4724
586 341 832 422 ...41-

163 537 374 622 aotoaoip'cer.
405 537 501 614 Quam
524 534 742 600 dubitationem
762 534 850 598 otiam
865 532 905 596 ad
918 552 947 596 v.
965 530 1061 596 ¹274:
1083 531 1257 618 adpepade

162 647 394 728 μελισσονόμοο
427 643 525 726 δόμον
552 666 592 710 ex
622 644 729 726 plurali
763 652 906 708 numero:
940 643 1042 706 ε’νιισκ.
1074 639 1172 706 κόθεν
1198 639 1262 707 εἰσί

164 761 248 821 recte
271 756 427 820 concludit
447 754 683 834 urttzschiusa).

264 868 309 931 Dc
330 866 481 950 singulari
499 872 600 930 autom
622 865 731 946 forma,
754 883 813 948 qua
833 865 892 930 hoc
911 863 1060 929 scholium
1082 880 1264 947 expressum*

166 983 212 1042 est
232 996 329 1060 pauca
362 976 504 1041 addenda
532 976 684 1040 videntur.
721 977 772 1060 De
804 993 862 1058 qua
885 975 1104 1040 Schneiderum
1135 979 1260 1056 prorsus

158 1087 273 1176 ,fefellit
296 1087 401 1168 opinio
421 1085 606 1169 sophisticos
623 1085 770 1150 flosculos
787 1087 893 1150 nescio
917 1103 993 1168 quos
1015 1086 1046 1148 in
1066 1105 1102 1149 ea
1124 1083 1262 1150 odoran-

164 1171 234 1278 tem,
258 1215 346 1279 quem
363 1193 510 1261 orationis
531 1195 632 1262 ducum
658 1215 726 1259 cum
740 1197 982 1280 hypomnematis
1006 1197 1157 1277 scriptore
1169 1196 1259 1278 Syrn-

165 1308 272 1372 macho
297 1325 488 1372 communem
512 1325 583 1372 esse
606 1307 712 1372 statuit
739 1311 873 1388 propter.
898 1305 996 1370 schot.
1018 1323 1089 1388 equ.
1113 1305 1192 1371 979:
1226 1307 1261 1372 ta

162 1421 204 1483 rui
224 1419 369 1499 δείγματι
395 1420 457 1482 τῶν
480 1415 593 1482 drudo:
629 1413 808 1498 Σύμμαχος
827 1417 1045 1496 ἐπισκέψασθε
1065 1413 1101 1478 σι’
1119 1411 1158 1499 ἆρ’
1184 1419 1260 1480 nori

162 1530 229 1591 dors
250 1525 282 1590 rd
303 1529 415 1609 δεῖγμα
436 1527 497 1590 ruia
515 1527 621 1590 δικῶν.
642 1533 788 1607 παρεῖται
802 1518 863 1609 γάρ
884 1548 964 1610 φησι
985 1525 1015 1590 εἰ
1030 1520 1073 1606 μὴ
1090 1521 1123 1587 ιό
1145 1525 1259 1605 δεῖγμα

162 1638 254 1714 κόνιος
268 1639 353 1704 ἐστὶν
365 1639 398 1700 ἐν
408 1639 557 1718 Πειραιεῖ,
570 1631 648 1698 ἔνθα
665 1636 776 1698 πολλοὶ
788 1633 958 1716 σννὴγονιο
970 1631 1261 1713 teneraetenerae

165 1751 220 1812 καί
238 1748 436 1830 ἐλογοποίουν
449 1752 514 1810 κτλ.
532 1746 613 1828 quod
637 1764 705 1810 cum
716 1745 819 1809 verbis
840 1745 937 1809 sohel.
951 1745 1026 1809 Plui.
1041 1745 1143 1809 1037:
1167 1747 1259 1808 rodco

162 1862 194 1920 σι’
215 1858 298 1920 ἐστιν
322 1856 378 1918 cata
403 1847 497 1919 oldut·
531 1849 580 1918 iu
606 1857 643 1919 δὲ
667 1851 881 1934 συμβάλλεται
905 1847 975 1919 οἶδα
1000 1871 1126 1936 prorsus
1147 1854 1259 1918 nulium

163 1965 279 2030 habere
295 1971 378 2046 patet
400 1965 605 2029 similitudinis
627 1965 790 2042 vincutum,
814 1982 902 2045 quam
924 1971 1026 2028 tamen
1046 1965 1184 2028 referunt
1201 1963 1261 2028 alia

164 2075 302 2140 eiusdem
332 2075 443 2138 scholii
470 2076 583 2140 verba:
616 2072 682 2155 ἔχει
708 2077 743 2136 dd
769 2075 843 2136 καθ’
863 2075 957 2137 icaro
978 2066 1116 2154 ἄκορον·
1147 2070 1204 2139 tta
1225 2075 1262 2138 dd

163 2182 218 2248 καί
240 2182 274 2248 τὸ
298 2185 331 2247 ἐν
357 2181 494 2270 Μαρικᾷ
518 2187 701 2270 προσέλθῃ,
723 2180 801 2246 ἔνθα
826 2184 870 2256 εἰς
899 2185 1006 2265 τηλίαν
1030 2181 1111 2268 φησί
1138 2177 1177 2247 τοὶ
1203 2183 1261 2246 rod

161 2267 442 2376 ‘Yneppto'too'oczo
451 2288 668 2374 ἐμβεβλῆσθαι
678 2287 877 2375 ἀπορώτερον
889 2288 989 2355 ἔσται·
1004 2294 1021 2368 ζ
1023 2294 1152 2374 ητητεόν
1163 2284 1201 2354 od
1204 2317 1220 2356 ν
1232 2299 1260 2370 ²)

168 2417 298 2482 quocum
320 2419 480 2483 compares
510 2386 607 2466 s‘ohot.
629 2398 748 2466 Thesm.
772 2403 834 2466 80:
856 2401 951 2466 τοῦτο
976 2401 1037 2466 τῶν
1059 2404 1260 2486 ζητουμένων

166 2549 462 2566 *ww-*bunnam—

263 2639 290 2704 t·)
309 2635 398 2689 Eidem
418 2653 523 2705 prorsus
543 2639 673 2692 assentior
693 2639 776 2693 schot.
797 2641 836 2692 sic
854 2640 1018 2692 emendanti:
1038 2639 1259 2714 Κοδιστ’Ἀχαι-

159 2729 212 2786 ria:
239 2731 295 2803 Ἀρ.
317 2737 364 2786 καὶ
379 2723 492 2788 ἈιιολλΙ
511 2737 604 2788 ποθεν
625 2739 689 2790 εἰσὶ.
730 2741 830 2807 Τιμσχ.
852 2733 883 2791 δὲ
901 2738 932 2788 ἐκ
957 2739 1085 2808 Τηλέφου
1103 2738 1259 2809 Αἰσχύλου,

160 2827 250 2886 ucat.
280 2828 311 2884 δὲ
335 2831 364 2892 ἐξ
387 2833 554 2902 ’roupertus
583 2830 735 2904 εὐφημεῖτε
761 2832 967 2906 μελισσονόμοι
1000 2833 1120 2886 lemmate
1144 2849 1260 2903 sequeu-

161 2924 192 2976 tia
218 2923 312 2976 schotti
340 2923 436 2976 librarii
466 2926 599 2980 cuiusdam
627 2927 730 2979 inscitia
763 2941 820 2980 cum
848 2928 1026 2980 antecedentis
1056 2928 1107 2980 tina
1139 2929 1259 2986 contuso.

163 3019 237 3084 Quod
254 3017 339 3089 autem
356 3021 489 3074 esitantio
509 3023 667 3076 scholiastae
680 3025 711 3076 ad
727 3040 752 3076 ν.
766 3025 834 3078 taut
848 3026 942 3093 repetit
958 3034 1135 3094 argumentum
1147 3029 1260 3082 concidit

162 3116 225 3168 Rae.
240 3118 385 3186 venetique
398 3119 484 3170 verbis
499 3122 526 3182 ἐξ
545 3121 666 3190 deperata
679 3121 823 3192 Αἰσχύλου
837 3122 933 3190 optime
947 3123 1104 3175 confirmatis
1120 3123 1176 3175 cod.
1191 3125 1257 3194 itta.

160 3211 269 3279 schotto,
288 3215 361 3264 cuius
377 3195 554 3281 cognoscendi
569 3218 669 3284 copiam
689 3217 753 3268 iecit
765 3216 918 3268 Dttbnerus:
934 3221 1021 3272 Τοῦτο
1043 3219 1100 3274 αἰιό
1116 3238 1193 3282 τινος
1212 3224 1259 3277 λέ-

160 3326 239 3380 γεται
258 3311 331 3382 πρός
349 3330 428 3370 τινας
442 3311 593 3382 διάγοντας
611 3315 641 3368 ἔν
655 3332 712 3365 τινι
730 3311 810 3366 ἄλσει
824 3309 945 3380 ιιλησιᾶν
961 3312 1023 3370 ὄντι
1042 3315 1113 3371 ναοῦ
1132 3317 1180 3382 τῆς
1195 3315 1257 3389 Ἀρ-

161 3405 290 3478 ιέμιδος,
318 3407 353 3462 ἵν’
373 3409 493 3462 εἴπωσιν
519 3405 593 3461 οὕτω
618 3409 656 3480 τῷ
675 3409 805 3481 νεωκόρῳ
827 3410 966 3482 α’νοίγειν.
990 3413 1049 3466 ἔστι
1077 3412 1107 3466 δὲ
1129 3402 1185 3468 dud
1206 3416 1257 3468 rod

164 3501 311 3574 δράματος
327 3499 478 3574 Αἰσχύλου
498 3509 554 3561 τῶν
573 3506 700 3577 ‘Iapetum

258 3601 289 3668 2)
312 3599 494 3664 Quaestionem
516 3601 557 3652 ttc
576 3603 734 3670 propositam
761 3603 898 3669 ingeniose
923 3603 1002 3656 coivit
1022 3590 1178 3659 Fritaschiur
1196 3607 1255 3661 Act.

160 3709 216 3748 ιοο.
234 3710 273 3762 gr.
290 3697 301 3748 t
317 3711 342 3763 p.
358 3696 420 3748 134:
442 3697 538 3764 „Recte
558 3707 584 3750 et
603 3700 672 3767 prior
691 3700 872 3768 grammaticus
892 3701 977 3769 prodit
994 3702 1141 3756 hiericuntis
1160 3717 1258 3770 paren·

110 3853 113 3860 ⁴
164 3798 214 3844 tem
235 3807 293 3842 cum
313 3795 389 3866 ιηλληι
407 3802 580 3862 comparatam
599 3810 659 3848 erse
678 3805 704 3848 et
722 3798 805 3862 magis
827 3796 964 3850 enucleata
988 3799 1052 3850 attor
1072 3798 1158 3864 docet,
1179 3800 1258 3852 Mari-

162 3888 245 3938 cuntis
264 3902 325 3939 orsa
345 3891 370 3939 iu
390 3892 486 3954 εηλίαν
511 3891 592 3944 tuisse
612 3894 706 3944 iniecta
725 3893 785 3946 dici.
823 3875 890 3948 ttern¹
909 3893 1016 3962 Eupolis
1037 3896 1107 3948 ttoco
1127 3897 1259 3963 pistricem

161 3998 219 4033 curu
245 3987 321 4055 ιηλίρ
348 3986 386 4035 εἰσ
407 3995 602 4052 comparaverat
629 3988 661 4038 ub
682 3989 908 4056 pinguitudinem,
938 4000 966 4042 ut
985 4007 1044 4042 ossa
1064 3991 1206 4059 Hyperboii
1232 3995 1259 4046 in

163 4079 230 4129 hanc
248 4077 361 4130 tabulam
383 4084 504 4150 (ιηὶλαν)
528 4084 649 4135 iniectam
672 4085 754 4137 inisse
777 4086 926 4139 ostenderet
950 4103 982 4140 eo
1001 4087 1103 4140 scilicet
1130 4096 1256 4157 tempore,

162 4189 213 4243 quo
237 4174 282 4226 itta
308 4177 404 4229 toatum
424 4186 577 4247 conceptum
601 4183 627 4233 in
650 4183 938 4252 praeoperaretur.
967 4184 1116 4238 Schneider.
1137 4185 1170 4238 da
1191 4186 1256 4241 tunt.

161 4271 216 4328 tuh.
235 4288 263 4344 p.
281 4272 324 4328 28.
