2802 4724
573 358 821 439 ...Ἠ-

138 533 259 636 'spectis
279 533 434 634 applicare
454 549 599 633 solemus,
620 572 696 635 quos
718 561 819 618 tamen
841 551 1090 634 prorsusdelera
1111 551 1161 618 vel
1179 565 1241 619 non

143 653 292 728 audemus
315 661 364 726 vel
387 661 537 726 nolumus.
582 662 637 726 Cui
659 662 828 727 sententiae
856 680 919 725 non
942 663 1123 728 adversatur
1144 663 1242 728 schol.
1265 651 1267 655 ’

135 771 203 840 Ὀδ.
226 795 252 852 a,
277 769 337 835 247
352 789 399 852 sq.
417 768 651 856 Ἀριστοφάνης
673 771 749 845 τοὺς
771 767 827 834 dio
849 775 976 854 στίχους
998 771 1033 836 ro*
1059 759 1244 859 odrdpier'o

143 882 302 964 περιέχειν
325 870 436 964 ἄμφω·
457 878 507 942 διὸ
530 880 577 968 τῷ
595 882 653 960 μὲν
675 883 783 962 σι’νμα,
808 875 852 965 τῷ
874 880 910 942 δὲ
931 880 1099 963 ἀντίσιγμα
1121 885 1242 964 neprsr'.

140 991 251 1073 θησιν.
295 973 547 1072 ltaqua‘prorsus
576 990 704 1054 similem
726 997 816 1073 atque
839 989 1029 1054 Aristarchei
1052 988 1242 1054 obeliusum

144 1097 243 1164 luisse
265 1100 346 1162 haud
367 1106 483 1163 temero
505 1100 577 1163 mihi
599 1101 797 1181 persuasisse
814 1099 932 1163 videor.
1016 1087 1019 1094 ’

245 1209 330 1272 llaec
354 1207 507 1272 sufficiant
528 1208 567 1272 de
589 1208 645 1288 iis,
667 1209 719 1290 qui
741 1195 816 1272 ante¹
833 1207 1045 1272 Aristarchum
1065 1207 1098 1269 in
1120 1208 1245 1271 Aristo-

143 1317 244 1400 phane
274 1317 455 1382 illustrando
483 1335 608 1399 operam
630 1318 824 1381 contulerint.
869 1318 955 1393 Quae
980 1317 1101 1381 abunde
1131 1319 1244 1382 docent

142 1445 209 1491 non
233 1427 353 1508 quantis
381 1447 421 1491 cx
448 1428 605 1491 erroribus
630 1428 795 1492 Homerica
825 1427 1035 1507 interpretatio
1062 1417 1244 1492 Aristarcho

145 1524 303 1618 eripienda
333 1543 417 1601 esset
437 1543 538 1600 tantos
561 1538 653 1600 etiam
680 1557 719 1600 ex
740 1536 965 1617 Aristophaneo
993 1534 1191 1617 depellendos
1214 1525 1243 1599 ei

143 1647 262 1727 luisse,
282 1649 313 1710 in
338 1635 493 1731 quoinde
515 1649 553 1711 ab
576 1647 751 1712 Aristotelis
774 1653 912 1729 tempore
934 1647 1105 1711 doctissimi
1129 1646 1245 1710 acutis-

143 1757 273 1840 simiqua
297 1758 356 1820 viri
376 1758 514 1824 certatim
533 1757 786 1822 elaboravissent.
824 1759 916 1821 Cuius
938 1758 1081 1838 reiquae
1103 1745 1141 1820 ¹se
1163 1755 1244 1820 otia

14 1887 18 1908 *
143 1873 215 1930 runt
237 1885 351 1932 causae
373 1884 436 1929 non
459 1867 556 1930 solum
585 1867 616 1928 in
645 1855 781 1948 ipsorum
804 1866 964 1930 doctorum
992 1855 1147 1930 hominum
1167 1855 1245 1929 acu-

143 1975 226 2040 mine
249 1983 279 2040 et
297 1977 414 2061 ingenii
434 1976 619 2057 praestantia
641 1976 761 2056 positae
783 1981 861 2054 sunt,
884 1976 1101 2040 verumetiam
1125 1976 1156 2038 in
1178 1976 1243 2056 ipsa

137 2095 265 2166 rerum,
305 2104 381 2167 quas
416 2091 583 2150 tractarunt
622 2085 855 2167 opportunitate.
912 2084 1131 2148 Eratosthenes
1164 2072 1244 2148 enim

146 2201 259 2276 quanta
280 2211 429 2276 quamque
453 2195 574 2258 diversa
597 2195 723 2278 ingenio
747 2194 923 2275 complexus
946 2194 1005 2273 sit,
1029 2181 1202 2278 fragmenta
1225 2211 1242 2258 a

148 2291 346 2386 Bernhardyo
373 2305 500 2368 collecta
523 2311 554 2368 et
580 2301 728 2367 illustrata
752 2299 933 2368 testimonio
955 2309 1042 2384 sunt,
1067 2309 1097 2366 et
1118 2303 1244 2366 Aristo·
1301 2302 1304 2307 ’

146 2413 266 2493 phanes
287 2413 444 2495 Byzantius
466 2431 555 2495 quam
584 2414 722 2495 proxime
746 2413 917 2478 abluerita
945 2413 1052 2477 divino
1081 2411 1242 2476 clarissimi
1300 2401 1311 2418 ’

150 2519 290 2601 discipuli
310 2523 448 2586 acumine
466 2529 498 2584 ut
519 2539 739 2603 pernoscamus
756 2523 845 2604 copia
866 2523 947 2586 iacta
967 2520 1155 2586 estNauckii
1176 2520 1243 2585 ele·

146 2617 327 2716 gantissimo
350 2632 464 2698 libello.
508 2634 608 2714 Atque
630 2640 662 2696 ut
687 2650 777 2714 quam
799 2634 845 2696 rei
867 2633 962 2715 ipsius
988 2633 1242 2714 opportunitatem

146 2739 209 2802 dixi
229 2738 364 2805 breviter
385 2741 532 2824 stringam
552 2747 612 2805 tam
629 2747 714 2804 arcte
737 2742 898 2806 comoedia
920 2759 987 2804 cum
1002 2741 1159 2821 temporis,
1181 2755 1241 2822 quo

143 2849 291 2932 florebat,
319 2851 423 2916 indole
454 2853 616 2917 coniuncta
648 2859 734 2932 erat,
768 2857 801 2914 ut
827 2851 974 2915 historiae
1004 2851 1243 2933 cognoscendae

144 2961 426 3041 praestantissimus
458 2962 526 3025 lons
553 2966 583 3026 at
610 2979 732 3042 semper
759 2959 861 3024 habita
885 2961 925 3024 sit
955 2965 985 3024 et
1005 2977 1087 3022 nunc
1110 2960 1242 3024 etiama

144 3069 235 3133 nobis
258 3071 367 3134 merito
390 3069 546 3134 habeatur.
592 3070 672 3145 Quid
699 3070 796 3152 igitur
819 3068 926 3132 mirum
954 3069 1113 3132 doctorum
1139 3070 1243 3132 bomi-

144 3197 216 3243 num
239 3181 364 3264 ingenia
387 3182 460 3245 inde
482 3181 520 3244 ab
539 3180 715 3245 Aristotelis
733 3186 870 3261 tempore
891 3179 923 3240 in
944 3178 1074 3243 historia
1094 3197 1243 3261 perscru-

138 3279 236 3353 tanda
261 3289 397 3372 inprimis
421 3295 579 3371 occupata,
605 3307 622 3352 a
645 3289 807 3353 comoedia
829 3287 1041 3370 potissimum,
1068 3305 1145 3370 quae
1165 3296 1244 3353 tem-

140 3399 227 3480 poris
259 3401 378 3480 peracti
411 3400 497 3483 quasi
512 3447 516 3460 .
530 3399 697 3482 imaginem
727 3398 841 3462 vividis
876 3397 1031 3462 coloribus
1064 3407 1241 3479 expressam

143 3507 303 3581 evolveret
334 3509 543 3590 maximopere
573 3513 660 3591 capta
691 3527 761 3573 esse
789 3514 879 3589 atquo
909 3507 1028 3571 allecta.
1078 3507 1141 3572 Sed
1163 3507 1241 3572 haec

137 3615 209 3696 ipsa
230 3618 412 3682 comoediae
431 3634 499 3682 cum
522 3623 660 3698 tempora
680 3617 786 3682 intima
807 3616 1006 3681 necessitudo
1025 3616 1188 3696 alliciebat,
1209 3623 1243 3679 ut

142 3725 236 3789 multa
268 3744 336 3791 cum
358 3727 450 3792 rebus
472 3728 685 3810 praesentibus
717 3710 889 3791 arctissime
909 3726 1107 3791 cohaerentia
1133 3732 1241 3807 poste-

141 3850 246 3898 rorum
263 3835 450 3902 intellectum
465 3837 574 3920 lugere
595 3836 753 3902 deberent.
781 3835 897 3912 Quibus
917 3855 958 3900 ne
980 3834 1078 3900 omnis
1102 3823 1240 3900 adhaec

141 3944 254 4010 eximia
275 3945 387 4011 Graeci
408 3947 526 4031 ingenii
546 3953 740 4012 monumenta
762 3947 862 4012 adibus
884 3937 1140 4012 intercluderetur
1164 3955 1239 4028 per-

317 4073 319 4082 r

144 4099 470 4116 -ss———nn-

142 4177 246 4236 stranda
266 4194 353 4250 neque
376 4179 512 4234 retinenda
522 4151 667 4234 *ridebatur
685 4182 730 4248 ci,
749 4183 793 4251 qui
811 4181 844 4234 ad
861 4181 926 4236 itam
946 4181 1032 4234 locum
1051 4180 1175 4250 pristinae
1194 4180 1237 4233 in.

140 4277 336 4351 tarprcrartcais
354 4277 450 4334 oblitos
467 4293 561 4334 noram
581 4294 613 4334 ac
632 4277 710 4335 ratde
729 4278 926 4352 improbabilem
944 4281 1088 4353 proposuit.

1017 4395 1041 4468 2
