2802 4724
598 335 843 433 ..z‘p'on

557 647 748 715 um
771 648 876 714 111.

175 823 231 900 Ad
257 825 488 900 eamdam
511 830 827 918 Aristophanem
856 833 1163 916 interpretationem
1191 826 1275 914 qnid

504 943 683 1012 omtalertt
703 941 934 1010 Aristarchus.
1384 957 1385 962 ¹

637 1156 805 1168 ..ι-.-

273 1319 436 1386 Ordiamur
458 1341 475 1386 a
496 1319 593 1385 schol.
617 1319 691 1385 liav.
709 1319 786 1385 Nub.
804 1319 879 1386 109:
904 1323 1008 1395 Φᾶσις
1028 1321 1169 1404 ποταμὸς
1188 1327 1274 1389 Σκυ-

173 1427 249 1505 θιάς
271 1425 352 1493 ὅπου
372 1431 464 1493 καλοῖ
485 1427 575 1492 innoc
592 1433 742 1510 γίνονται.
766 1428 924 1509 Λεωγόρα
947 1429 981 1489 δὲ
1003 1429 1046 1502 ὦς
1070 1427 1272 1515 ῖανιοτρόφον

171 1543 341 1624 μέμνηται.
364 1535 393 1604 οἱ
417 1540 452 1602 δὲ
472 1536 548 1621 περὶ
565 1535 778 1622 Ἀρίσταρχον
806 1533 943 1619 α’ρνίθων
971 1561 1001 1600 τι
1028 1535 1116 1618 γένος
1143 1542 1272 1618 λέγουσι

172 1647 248 1724 τούς
275 1645 465 1732 φασιανούς.
495 1639 515 1732 ἢ
542 1643 698 1732 φασιανοὶ
730 1647 872 1729 λέγονται
903 1640 933 1707 oi
956 1639 1077 1726 ἔχοντες
1107 1647 1151 1733 τῷ
1179 1645 1270 1730 μηρῷ

172 1753 331 1841 φασιανὸν
352 1757 620 1839 ἐγκεχαραγμένον
644 1757 744 1819 ἵπποι.
775 1755 947 1819 Aristarchi
962 1772 1075 1819 nomen
1096 1759 1129 1816 ln
1149 1751 1270 1818 codicis

173 1863 324 1946 scriptura
345 1863 419 1946 napi
434 1865 628 1946 Ἀρχίλοχον
648 1865 745 1929 latere
760 1871 850 1929 acute
869 1865 1024 1947 perspexit
1039 1863 1158 1930 Ruhnh.
1174 1862 1271 1945 prael.

177 1974 215 2037 ad
238 1974 370 2057 Hesych.
389 1975 415 2036 ll
438 1991 466 2055 p.
481 1973 546 2052 vll,
567 1975 620 2037 ubi
639 1975 677 2038 de
700 1975 842 2055 diversis,
864 1975 971 2055 qulbus
996 1973 1057 2038 hoc
1078 1993 1191 2038 nomen
1213 1972 1274 2036 ob-

170 2088 327 2148 scuratum
357 2089 404 2148 est
436 2083 616 2164 corruptelis
646 2085 801 2165 copiosius
827 2084 900 2166 agit.
944 2082 1149 2164 llisoeptatum
1180 2083 1276 2164 igitur

172 2187 312 2257 videmus
337 2208 407 2256 esse
437 2191 477 2256 de
498 2193 587 2256 vocis
611 2187 767 2276 φασιανός
790 2191 1035 2273 significatione,
1065 2207 1155 2272 mam
1182 2207 1274 2272 quum

176 2299 227 2364 alii
249 2299 287 2365 de
309 2300 395 2382 equis
415 2298 554 2382 phasiani
576 2300 710 2382 imagine
728 2299 883 2385 insignitis
904 2299 954 2364 vel
972 2299 1010 2364 ad
1030 2299 1138 2363 Phasin
1161 2298 1276 2362 llumen

175 2409 312 2474 oriundis
341 2409 569 2492 intelligerent,
591 2409 789 2473 Aristarchus
813 2409 975 2474 verissime
996 2409 1151 2490 perspexit
1175 2410 1276 2492 ipsum

77 2529 82 2540 ·
172 2517 270 2598 illud,·
300 2516 382 2599 mod
406 2514 539 2581 nominis
566 2533 661 2582 sonus
685 2517 818 2598 referat,
844 2519 946 2582 avium
969 2536 1067 2601 genus
1095 2516 1274 2600 significari.

173 2627 282 2710 ineptit
303 2632 403 2690 autem
424 2627 600 2692 Dindorlius
621 2628 667 2691 sio
691 2627 906 2708 interpretatus
930 2633 1040 2709 poetae
1060 2627 1171 2691 verba:
1196 2627 1277 2708 „Le-

173 2738 246 2820 pide
268 2734 462 2819 Phidippides
485 2737 523 2802 ab
544 2737 700 2821 equitandi
728 2738 830 2801 studio
853 2729 893 2802 ne
916 2743 977 2802 tum
999 2735 1120 2819 quidem
1143 2737 1276 2801 destitu-

174 2863 241 2910 rum
269 2863 305 2910 se
326 2863 396 2911 esse
419 2846 509 2928 dicit,
533 2847 561 2911 si
586 2845 841 2929 praestantissimi
865 2845 935 2927 equi
958 2848 1117 2930 Leugorae
1141 2844 1201 2909 sihi
1223 2845 1276 2908 ol-

175 2956 342 3021 serenans
386 2955 460 3031 Quis
483 2956 563 3021 enim
586 2955 758 3021 credendus
780 2961 827 3018 est
846 2954 884 3018 ab
913 2955 1192 3037 equitandi‘studio
1215 2950 1275 3018 de'-

174 3065 300 3130 siiturus
323 3083 393 3131 esse
416 3065 465 3129 cui
486 3065 701 3148 pretiosissimi
723 3065 794 3148 equi
816 3065 978 3146 donantur,
999 3067 1091 3130 immo
1113 3063 1167 3130 tali
1189 3065 1273 3129 douo

176 3156 411 3240 instimulabitur
438 3175 532 3240 ardor
539 3196 549 3255 ;
575 3192 676 3258 neque
699 3175 824 3238 omnino
846 3175 974 3240 alicuius
1000 3177 1151 3241 interesse
1173 3180 1285 3258 potest·

175 3303 272 3368 equos
301 3285 461 3366 possidere
488 3285 598 3367 quibus
628 3286 672 3348 uti
703 3302 766 3348 uon
798 3303 981 3350 conoessum
1012 3287 1060 3350 sit.
1103 3286 1207 3368 ltaque
1232 3284 1271 3350 ad

177 3393 362 3458 annuariam
392 3393 612 3458 Aristarcheae·
644 3394 926 3476 interpretationem
960 3394 1184 3459 defendendam
1212 3412 1273 3459 una

176 3509 312 3585 tantum,
334 3505 362 3568 si
384 3504 455 3586 quid
477 3504 567 3568 video
593 3512 675 3587 patet
699 3507 758 3570 via.
804 3505 945 3572 Omnium
975 3505 1055 3570 enim
1084 3505 1214 3571 maxime
1242 3504 1274 3568 id
1381 3541 1382 3554 α

177 3620 264 3678 curat
278 3613 481 3696 Strepsiades,
504 3619 537 3678 nt
557 3613 635 3679 lilius
654 3615 813 3681 Socratem
832 3600 926 3680 ¹adeat
945 3613 1161 3679 solvendorum
1184 3613 1276 3679 debi-

175 3730 275 3789 torum
298 3741 409 3788 novam
429 3725 599 3789 doctrinam
618 3725 825 3808 profitentem,
843 3725 874 3788 in
895 3742 954 3805 quo
976 3725 1003 3790 si
1023 3725 1100 3790 iilius
1123 3724 1273 3807 obsequi-

178 3842 226 3899 tur
251 3833 302 3899 vel
324 3834 455 3899 animum
485 3834 525 3899 ad
550 3834 773 3918 philosophiam
800 3836 981 3917 applicatum
1007 3836 1086 3902 ultro
1117 3837 1155 3902 ab
1188 3835 1275 3918 equis
1380 3825 1381 3864 l

177 3942 328 4023 detrahet,
348 3943 399 4008 vel
418 3944 445 4006 si
465 3960 528 4007 nou
548 3941 691 4009 detrahet
714 3962 781 4008 eam
804 3944 863 4008 sibi
889 3945 1077 4027 comparabit
1100 3944 1273 4024 scientiam,

178 4069 310 4136 quares
338 4051 454 4116 alienas
483 4052 544 4116 hac
571 4051 690 4116 insania
720 4051 867 4118 conlatas
897 4054 1042 4118 facillime
1070 4068 1275 4134 compensare
1379 4033 1380 4040 ἶ

174 4161 307 4244 poterit;
339 4159 441 4241 itaque
471 4159 598 4243 gravior
624 4159 688 4222 voti
717 4177 788 4240 pars
816 4161 920 4225 verbis
949 4160 1122 4224 continetur
1155 4152 1275 4224 τούτων

79 4265 1276 4362 „mmfflmwfflmmffimffl·
