2802 4724
157 536 302 603 cedamus
325 539 458 619 oporiet,
476 534 658 600 scholiastes
685 535 807 600 adiutos
828 535 924 602 luisse
947 535 1149 620 Symmacheo
1173 527 1255 624 qino-

156 648 226 712 dum
250 648 491 724 commanlario,
525 643 574 726 (pri
603 651 740 710 velerum
769 648 1037 729 grammaticorum
1069 651 1254 732 interpreta-

157 763 257 822 menta
282 763 426 838 excerpta
447 754 496 820 vel
518 753 549 816 in
570 754 743 820 breviorem
766 769 913 821 summam
935 764 1089 822 conlracia
1110 760 1252 843 relerrei',

155 883 234 931 unus
261 874 362 931 tamen
393 869 509 941 rosini,
542 864 629 926 cuius
660 863 895 930 observationes
926 885 966 930 cx
995 885 1055 930 unc
1079 861 1252 952 Symmachi

148 979 234 1046 ‚libro
257 977 296 1041 ad
318 973 500 1040 scholiastes
519 974 699 1055 pervenisse
721 976 829 1056 quovis
851 975 982 1062 pignore
1003 980 1180 1062 negaverim
1194 981 1252 1044 Dia

157 1089 274 1171 dymus.
319 1084 413 1148 Cuius
434 1101 524 1165 quum
549 1084 609 1147 hoc
633 1090 717 1148 essai
738 1084 927 1166 praeclarum
947 1089 1098 1170 meritum,
1121 1097 1154 1152 ul
1176 1106 1254 1172 quae

156 1202 293 1259 velerum
315 1191 585 1276 granncucorun
613 1193 657 1258 illi
681 1193 835 1274 principes
856 1194 894 1256 ad
916 1203 1023 1275 poetas
1045 1199 1175 1263 maxime
1197 1219 1254 1264 ex-

155 1303 315 1386 plicandus
345 1301 566 1380 contulissent,
597 1321 634 1365 ea
666 1300 768 1364 omnia
798 1301 959 1384 colligeret
981 1303 1138 1387 digereret
1163 1315 1193 1373 ei
1214 1309 1253 1373 ad

157 1429 346 1476 communem
369 1411 525 1475 hominum
547 1411 707 1475 do'clorurn
730 1412 955 1492 usumaptiora
982 1415 1149 1494 redderet,
1170 1423 1252 1483 lanta

155 1521 302 1586 librorum
324 1520 515 1584 mullitudine
537 1519 617 1585 hene
647 1521 826 1584 industriam
851 1521 1084 1603 comprobavit,
1107 1531 1251 1605 quantum

156 1630 380 1712 conscripsisse
406 1627 618 1712 praeteream
644 1631 682 1695 de
703 1629 839 1695 nomine
854 1635 992 1696 veterum
1012 1633 1169 1713 proditum
1194 1639 1250 1698 esi.

155 1740 272 1818 Quibus
299 1741 439 1804 omnibns
463 1741 623 1804 exstinclis
645 1759 685 1807 ne
705 1741 944 1823 unumquidem
966 1761 1003 1805 eu
1023 1749 1161 1825 tempora
1182 1743 1255 1807 alii-

154 1851 258 1934 gisse‚
282 1847 390 1930 qdibus
409 1848 506 1930 prima
520 1848 716 1914 scholiorum
739 1850 1033 1931 Aristophaneorum
1058 1853 1253 1918 fundamenta

155 1961 235 2024 iacla
258 1977 329 2023 esse
353 1963 483 2038 constal,
506 1959 573 2040 quis
596 1959 728 2022 credero
749 1961 875 2040 polest?
917 1961 1034 2034 Quodsi
1056 1967 1157 2026 lamen
1179 1979 1253 2028 cre-

155 2068 248 2132 dibile
273 2082 342 2132 esse
372 2073 486 2134 statuas
515 2073 637 2149 reputes
670 2085 785 2148 quaeso
819 2066 909 2130 etiam
931 2067 1052 2150 Didymi
1080 2069 1167 2134 libris
1189 2088 1252 2134 non

153 2177 290 2242 doluisse
312 2177 545 2259 epitomatorum
575 2176 764 2258 diligentiam
793 2190 920 2256 quorum
948 2175 1105 2243 laboriosa
1135 2166 1253 2243 seduli-'-

154 2291 216 2350 lete
238 2287 407 2353 secundum
438 2292 468 2350 et
489 2285 609 2349 ieriium
633 2291 704 2366 posi
725 2285 875 2348 corisum
907 2285 1062 2352 saecolum
1089 2277 1253 2353 feracissi-¹

157 2413 238 2458 mum
266 2401 348 2472 erat,
372 2394 490 2474 qualern
512 2394 609 2456 luisse
629 2393 810 2458 Alexionem
836 2409 874 2459 ex
900 2385 1253 2478 Elym.Gud.p.1il,'3

154 2508 279 2582 nolum,
308 2502 367 2565 ‘ubi
401 2501 453 2582 qui
482 2501 592 2566 οἰκεῖοι·
622 2508 729 2566 auctor
760 2501 814 2584 τῆς
844 2505 994 2584 ἐπιτομῆς
1022 2505 1079 2566 τοῦ
1105 2503 1251 2586 Διδύμου

152 2613 358 2694 συμμίκτων,
381 2610 511 2674 eundem
540 2629 611 2676 esse
638 2617 731 2694 puio,
757 2611 843 2676 cuius
865 2610 897 2673 in
920 2612 1029 2676 eodem
1051 2614 1148 2696 Eiym.
1174 2609 1251 2678 eud

150 2723 180 2785 sd
194 2723 224 2784 κ’.
242 2725 343 2801 βινεῖν
359 2720 525 2790 memoriae
542 2725 701 2786 excitatur.
722 2723 826 2804 Deque
835 2704 921 2784 'lraud
940 2721 1183 2802 improbabiliter
1193 2723 1253 2787 ali-

152 2829 219 2911 quis
233 2830 368 2894 statuere
391 2831 489 2911 possit
508 2831 571 2895 adv
583 2828 732 2910 Διδύμου
752 2818 898 2909 κωμικῶν
922 2828 1076 2912 ἐπιτομήν
1099 2832 1250 2912 quendem

150 2938 466 3020 praeler'symmachi
488 2938 739 3002 commentarium
769 2938 923 3018 inspicere
950 2938 1042 3002 etium
1067 2936 1247 3005 Scholieslis

150 3047 265 3110 noslris
294 3045 430 3112 licuisse.
474 3047 575 3128 Atque
595 3045 757 3128 Didymunr
784 3053 857 3110 uie
883 3048 1153 3130 grammaticorum
1184 3041 1250 3114 non·

150 3155 273 3220 aliunde
300 3155 361 3218 nisi
383 3172 422 3218 ex
443 3156 626 3238 Symmacho
641 3155 828 3220 'scholiaslis'
853 3161 995 3222 nolcrum
1026 3155 1155 3222 numero
1171 3160 1249 3222 exi-

149 3269 266 3328 mamus
295 3263 426 3328 maxime
451 3265 490 3327 iis
519 3265 597 3329 locis
628 3265 808 3330 adducimur
832 3282 909 3350 quos
933 3276 984 3344 ss.
1005 3267 1044 3330 le
1065 3274 1096 3329 el
1116 3267 1155 3330 20
1180 3268 1252 3348 ipse·

148 3373 355 3454 Schneidcrirs
371 3375 542 3456 composuit
561 3374 734 3442 scilicel‘ui
751 3377 820 3458 ipsc
841 3377 884 3440 ad·
895 3393 929 3440 sc
943 3369 1251 3441 refellenduniarnra

148 3483 303 3566 praebeat.
336 3485 471 3560 Quorum
491 3500 579 3565 quum
603 3485 715 3566 duplex
735 3501 833 3568 genus
844 3484 1102 3579 'distinguendum
1126 3485 1175 3566 sil,
1196 3485 1252 3552 ala.

147 3599 250 3656 terum
267 3611 383 3672 eorum,
406 3593 567 3675 inquibus
590 3595 656 3676 ipsa
677 3594 823 3675 loquendi
846 3594 976 3659 lermula
996 3595 1150 3680 mtegram
1172 3612 1247 3660 nar-

146 3702 309 3766 rationem
329 3704 523 3784 excerpendis
554 3703 676 3785 propria
704 3703 869 3785 Didymum
898 3703 972 3785 ipsis
1003 3705 1177 3770 scholieslis
1196 3701 1249 3768 ad·

147 3828 254 3876 manus
275 3811 373 3876 fuisse
394 3811 532 3891 suadeat,
554 3812 681 3878 alterum
703 3830 758 3876 cos
782 3813 1056 3895 comprehendens,
1081 3816 1113 3877 in
1136 3813 1252 3898 quibus,

146 3920 316 4002 praemissa
339 3919 559 4003 Symmacheae
587 3922 708 4004 Didymi
724 3922 912 4006 ,observatio
942 3924 1122 4006 Didymeum
1155 3940 1243 4008 corn-

146 4027 326 4092 meniarium
342 4049 358 4092 a
373 4029 548 4093 scholiastis
567 4009 780 4112 pertractatum
798 4029 974 4116 signillccre
989 4031 1120 4111 videtur,
1132 4048 1245 4112 quum-

149 4155 208 4220 que
229 4137 381 4228 locorum,¹
401 4138 432 4203 in
455 4130 704 4226 quibus'uidyni
724 4139 1134 4226 et‚Symmachi,cnniunota
1155 4142 1244 4206 exci-

146 4251 225 4318 tatur
245 4249 393 4320 memoria
420 4250 514 4338 louge
537 4251 685 4342 meiorcpr
701 4271 862 4326 numerum
885 4253 953 4334 Dm.
969 4257 1002 4318 ul
1023 4251 1242 4338 descripsimus
