2802 4724
540 373 592 396 ...
641 345 793 420 332...

18 491 19 580 ἑ
50 549 54 554 ·
115 538 225 621 mous
248 543 314 601 nco
332 537 430 602 soum
452 539 617 602 Homerum
636 539 692 602 seu
715 537 1060 618 euamnrrsnpuanem
1083 533 1214 620 ennecus

18 659 19 670 ¹
119 650 274 713 interdum
295 649 435 712 versibus
458 647 601 712 donatum
621 667 691 712 esse
710 649 772 712 iam
796 665 887 730 supra
909 647 1040 712 vidimus
1062 647 1220 714 luculento

121 759 316 842 cognominis
330 759 524 841 grammatici
538 758 687 838 exemplo.
722 757 946 824 Recenticrum,
954 758 1130 822 criticorum
1143 756 1216 826 utari·¹

117 868 242 930 starcho
268 868 388 936 assensi
410 875 481 930 sunt
500 867 596 931 Bentl.
620 867 766 930 musterus
789 867 958 932 Brunckius
981 865 1164 936 wolckerus
1185 871 1217 929 et

116 976 233 1040 reiecta
255 946 382 1058 pristina
403 977 554 1040 sententio
567 978 777 1054 Hermunnus3
800 977 943 1057 probavit
966 976 1056 1040 etiarn
1078 975 1217 1038 Aristar·

21 1084 24 1093 '
120 1085 169 1148 chi
201 1086 347 1148 iudicium
376 1086 521 1150 Lehrsius
558 1087 596 1149 de
617 1086 712 1150 Arist.
745 1084 1077 1166 stromoncort.
1120 1085 1217 1160 Quam
1326 1178 1329 1186 Ι

117 1194 294 1258 Dindorous
319 1195 357 1258 de
379 1196 488 1278 fragm.
511 1195 667 1275 Aristoph.
694 1213 722 1276 p.
743 1195 784 1258 35
806 1212 918 1258 novam
943 1193 1090 1258 medelam
1120 1211 1155 1258 se
1179 1212 1218 1256 ex

121 1305 310 1386 cogitavisse
339 1304 488 1385 gloriatus
517 1311 568 1368 est
586 1304 725 1368 versibus
756 1304 907 1370 continuis
932 1303 1022 1366 1436.
1049 1300 1129 1366 loto
1149 1319 1217 1383 sqq.

122 1415 283 1494 expunctis
303 1415 444 1478 versibus
466 1412 676 1478 1437-41ε1
699 1413 839 1505 versibus
866 1409 954 1475 1452.
968 1411 1008 1478 53
1029 1412 1145 1492 primae
1157 1412 1220 1474 Ra-

121 1529 230 1586 urorum
251 1523 378 1586 editioni
403 1529 509 1588 contra
521 1543 549 1592 v.
572 1543 602 1588 v.
622 1521 786 1586 1436-41
810 1522 969 1602 expunctis
991 1541 1020 1583 v.
1044 1540 1071 1583 v.
1097 1520 1218 1583 1449-

120 1634 160 1696 ol)
181 1634 336 1696 secundae
358 1632 550 1711 tribuendis,
565 1623 698 1712 ‘prorsus
721 1649 788 1696 eom
814 1631 872 1695 iarn
896 1631 1009 1696 dudum
1031 1629 1216 1693 Fritzschius

123 1759 173 1822 qu.
195 1727 289 1805 Arist.
315 1760 343 1822 p.
362 1743 421 1804 112
444 1741 586 1806 refutavit
608 1741 766 1820 professus
790 1741 890 1806 Romus
914 1738 988 1801 nihil
1011 1739 1061 1802 vel
1086 1739 1216 1818 paullum

120 1849 234 1931 aliquid
257 1857 385 1914 mutatas
409 1851 557 1931 postridie
587 1850 653 1914 eius
678 1850 741 1913 diei
763 1850 999 1931 Aristophanem
1023 1849 1217 1929 repetivisse,

19 1964 22 1988 ³
118 1959 152 2021 id
175 1960 261 2040 quud,
281 1961 436 2041 copiosius
459 1960 631 2041 explanavit
646 1978 755 2022 comm.
779 1959 816 2023 ad
837 1959 912 2022 lton.
929 1977 957 2039 p.
973 1958 1045 2022 438.
1073 1958 1217 2022 Attamen

119 2067 229 2133 versus
246 2068 314 2134 illos
330 2069 490 2150 suspectos
505 2069 622 2131 servari
642 2087 745 2149 posse,
765 2069 792 2131 si
805 2068 843 2131 ah
857 2067 1002 2148 Euripide
1017 2069 1048 2129 in
1063 2067 1215 2130 Bacchum

20 2252 23 2277 Ι
119 2179 353 2258 transferentur,
363 2177 536 2259 ingeniose,
550 2184 583 2239 ul
596 2176 1214 2244 rnihivideturdemonstuavilFritzschius

117 2285 138 2348 l.
164 2286 183 2348 l.
208 2305 237 2367 p.
251 2286 324 2349 435.
369 2286 428 2350 Sed
452 2292 698 2369 argumentorum
723 2303 800 2366 quae
824 2285 921 2348 attulit
944 2284 983 2349 ad
1007 2285 1086 2348 hanc
1115 2290 1216 2348 muta-

118 2395 234 2457 tionem
259 2394 529 2459 commendondam
559 2395 649 2458 valde
679 2395 819 2476 improbo
854 2395 906 2474 id,
935 2393 1018 2477 quod
1038 2395 1215 2474 Euripidem

20 2558 23 2581 ,
117 2503 240 2565 unicam
259 2505 439 2566 sententiam
457 2505 596 2584 prolerre
614 2505 730 2567 iussum
753 2521 815 2566 non
835 2520 927 2583 posse
945 2503 1024 2575 duas
1042 2521 1216 2584 proponere

20 2598 24 2641 ³
121 2611 195 2673 dicit
202 2633 210 2688 ;
232 2611 328 2692 ipsurn
348 2615 428 2675 eninr
443 2613 604 2676 consilium
618 2613 699 2693 quod
717 2611 870 2696 flagitatur
890 2629 907 2674 a
924 2611 1057 2690 Boccho,
1079 2611 1214 2675 nondum

117 2720 260 2802 protulit3
289 2721 505 2802 gravissimum
526 2729 624 2786 autem
650 2727 696 2786 est
719 2721 790 2785 illud
814 2741 854 2784 ex
874 2723 940 2804 ipsa
960 2722 1100 2786 iocorum
1122 2739 1213 2786 scur-

115 2829 229 2894 rilitate
258 2831 417 2912 repetitum
444 2832 597 2914 Euripidis
627 2851 758 2914 persona
789 2832 1074 2914 indignissimorum
1103 2831 1215 2894 Bacchi

19 2939 20 3002 l
116 2941 254 3012 rnorihus
272 2940 435 3004 admodum
459 2943 717 3005 convenientium.
749 2943 854 3023 Neque
876 2943 975 3006 minus
995 2940 1136 3006 sollerter
1158 2959 1216 3004 ex-

117 3052 255 3134 cogitata
270 3057 445 3132 sunt,·quae
462 3052 605 3134 deinceps
629 3054 760 3133 disputat
775 3053 821 3116 vir
841 3052 1052 3117 doctissimus:
1078 3051 1214 3133 „Deinde

20 3236 22 3251 Ι
119 3179 150 3224 v.
175 3162 255 3226 1453
277 3158 332 3234 τὰς
353 3161 381 3222 d'
408 3158 515 3238 ὀξίδας
541 3163 742 3246 Κηφισοφῶν
766 3163 832 3244 ipse
853 3162 1076 3242 Aristophanes
1100 3161 1215 3241 docuit,
1307 3191 1309 3196 ·

116 3289 196 3352 quae
221 3271 259 3335 de
284 3270 452 3334 acetabulis
474 3289 564 3353 supra
586 3271 666 3336 dicta
687 3279 768 3352 sunl,
792 3292 826 3336 ea
844 3290 906 3336 non
930 3271 1019 3334 alium
1041 3271 1133 3335 ullum
1156 3271 1217 3337 nisi

116 3395 231 3443 novum
255 3380 543 3462 Cephisophonlcm,
567 3381 598 3444 id
622 3389 668 3446 est
691 3383 843 3448 Bacchum
865 3380 1038 3463 protulisse.
1077 3381 1215 3461 Denique

20 3506 23 3533 2
117 3485 258 3550 Bacchus
283 3489 458 3571 Euripidem
487 3491 576 3553 etiarn
607 3509 698 3571 supra
720 3511 749 3554 v.
774 3490 853 3554 1399
878 3509 924 3572 sq.
947 3490 1058 3555 inscite
1088 3488 1213 3553 adiuvit.

116 3594 181 3658 lam
204 3593 314 3658 dudum
337 3600 417 3662 enim
442 3597 516 3662 vidit
538 3601 634 3680 premi
650 3600 825 3681 Euripidem
846 3599 989 3665 laborare
1011 3606 1102 3682 atque
1122 3599 1153 3662 in
1176 3617 1214 3664 eo

117 3721 206 3784 esse,
228 3711 261 3767 ut
282 3706 320 3770 ch
344 3709 501 3791 Aeschylo
529 3709 678 3774 vincatur.
723 3709 812 3784 Quod
838 3710 898 3774 nisi
919 3709 1057 3774 Bacchus
1079 3730 1109 3772 v.
1134 3709 1213 3774 1437

117 3939 156 3988 ox
177 3925 325 4006 Euripide
343 3947 373 3990 v.
391 3927 471 3993 1452
488 3933 581 3993 rocci
601 3931 702 4012 πότερ’
721 3928 818 4004 αὐτὸς
836 3920 928 4012 εὗρες
950 3921 969 4011 ἢ
986 3931 1216 4014 Κηφισοφῶν.“

115 4024 226 4115 unque'
241 4055 270 4098 v.
289 4035 463 4102 1435-38.
482 4035 572 4103 1440.
598 4040 676 4104 1441
701 4039 822 4104 Baccho
844 4039 1022 4104 tribuendos
1047 4044 1142 4117 ratus,
1165 4039 1216 4103 ni-

115 4143 173 4206 mis
194 4143 350 4228 abruptum
372 4164 409 4209 ec
432 4148 544 4210 factam
566 4149 829 4213 esseorationem
852 4147 965 4227 statuit,
988 4148 1069 4230 quod
1092 4153 1162 4228 post
1182 4168 1212 4214 v.

120 4252 199 4322 toto
220 4269 298 4320 unus
322 4257 476 4324 exciderit
496 4257 664 4323 versiculus
679 4257 790 4324 veluti:
814 4256 892 4342 Ea'p.
918 4252 972 4340 dyc
996 4256 1034 4346 dr}
1057 4260 1103 4336 τίς
1125 4255 1214 4325 ἔσται

991 4382 1014 4459 3
